%% This BibTeX bibliography file was created using BibDesk.
%% http://bibdesk.sourceforge.net/


%% Created for Matheus Luan Krueger at 2015-07-23 11:44:48 PM -0300 


%% Saved with string encoding Unicode (UTF-8) 



@unpublished{Kronbauer2015,
	Author = {Kronbauer, Airton Leite},
	Date-Added = {2015-07-24 2:43:52 AM +0000},
	Date-Modified = {2015-07-24 2:44:48 AM +0000},
	Month = {jul},
	Note = {-},
	Title = {Personal Communication},
	Year = {2015}}

@article{Wang2004,
	Author = {Zhou Wang and Bovik, A.C. and Sheikh, H.R. and Simoncelli, E.P.},
	Date-Added = {2015-07-21 1:58:09 AM +0000},
	Date-Modified = {2015-07-21 1:58:26 AM +0000},
	Doi = {10.1109/TIP.2003.819861},
	Issn = {1057-7149},
	Journal = {Image Processing, IEEE Transactions on},
	Keywords = {data compression;image coding;visual perception;JPEG;JPEG2000;distorted image;error sensitivity;error visibility;human visual perception;human visual system;image compression;image database;perceptual image quality assessment;reference image;structural information;structural similarity index;Data mining;Degradation;Humans;Image quality;Indexes;Layout;Quality assessment;Transform coding;Visual perception;Visual system;Algorithms;Data Interpretation, Statistical;Hypermedia;Image Enhancement;Image Interpretation, Computer-Assisted;Information Storage and Retrieval;Models, Statistical;Pattern Recognition, Automated;Quality Control;Reproducibility of Results;Sensitivity and Specificity;Signal Processing, Computer-Assisted;Subtraction Technique},
	Month = {April},
	Number = {4},
	Pages = {600-612},
	Title = {Image quality assessment: from error visibility to structural similarity},
	Volume = {13},
	Year = {2004},
	Bdsk-Url-1 = {http://dx.doi.org/10.1109/TIP.2003.819861}}

@article{Meister2010,
	Author = {Meister, Darryl},
	Date-Added = {2015-07-20 12:48:43 AM +0000},
	Date-Modified = {2015-07-20 12:52:02 AM +0000},
	Journal = {Association of British Dispensing Opticians},
	Pages = {6},
	Title = {Wavefront aberrations and spectacle lenses: part one},
	Year = {2010}}

@article{Bailey1976,
	Author = {Bailey, IL and Lovie, JE},
	Date-Added = {2015-07-15 9:16:41 PM +0000},
	Date-Modified = {2015-07-15 9:17:06 PM +0000},
	Issn = {0093-7002},
	Journal = {American journal of optometry and physiological optics},
	Month = {November},
	Number = {11},
	Pages = {740---745},
	Title = {New design principles for visual acuity letter charts},
	Url = {http://europepmc.org/abstract/MED/998716},
	Volume = {53},
	Year = {1976},
	Bdsk-Url-1 = {http://europepmc.org/abstract/MED/998716}}

@webpage{Smith2015,
	Author = {Anthony Smith},
	Date-Added = {2015-07-07 7:38:37 PM +0000},
	Date-Modified = {2015-07-07 8:02:56 PM +0000},
	Month = {jul},
	Title = {PSFs in IDL},
	Url = {http://www.enkaptic.co.uk/2009/03/18/psfs-in-idl/},
	Year = {2015},
	Bdsk-File-1 = {YnBsaXN0MDDUAQIDBAUGJCVYJHZlcnNpb25YJG9iamVjdHNZJGFyY2hpdmVyVCR0b3ASAAGGoKgHCBMUFRYaIVUkbnVsbNMJCgsMDxJXTlMua2V5c1pOUy5vYmplY3RzViRjbGFzc6INDoACgAOiEBGABIAFgAdccmVsYXRpdmVQYXRoWWFsaWFzRGF0YV8QGlBERl9GaWxlcy9WbGFkaW1pcjIwMTUucGRm0hcLGBlXTlMuZGF0YU8RAgwAAAAAAgwAAgAADE1hY2ludG9zaCBIRAAAAAAAAAAAAAAAAAAAANBsgdtIKwAAAMe+mBBWbGFkaW1pcjIwMTUucGRmAAAAAAAAAAAAAAAAAAAAAAAAAAAAAAAAAAAAAAAAAAAAAAAAAAAAAAAAAAAAAAAA3XXS0cFF9gAAAAAAAAAAAAEAAwAACSAAAAAAAAAAAAAAAAAAAAAJUERGX0ZpbGVzAAAQAAgAANBsnfsAAAARAAgAANHBcCYAAAABACAAx76YAMe+jADHO+IAxzRaACCPbwARzTcABidZAAKTmgACAHJNYWNpbnRvc2ggSEQ6VXNlcnM6AG1hdGhldXNrcnVlZ2VyOgBEcm9wYm94OgBVRlJHUzoATVNjIFRoZXNpczoAX19UZXh0OgAwN19SZWZlcmVuY2VzOgBQREZfRmlsZXM6AFZsYWRpbWlyMjAxNS5wZGYADgAiABAAVgBsAGEAZABpAG0AaQByADIAMAAxADUALgBwAGQAZgAPABoADABNAGEAYwBpAG4AdABvAHMAaAAgAEgARAASAF1Vc2Vycy9tYXRoZXVza3J1ZWdlci9Ecm9wYm94L1VGUkdTL01TYyBUaGVzaXMvX19UZXh0LzA3X1JlZmVyZW5jZXMvUERGX0ZpbGVzL1ZsYWRpbWlyMjAxNS5wZGYAABMAAS8AABUAAgAV//8AAIAG0hscHR5aJGNsYXNzbmFtZVgkY2xhc3Nlc11OU011dGFibGVEYXRhox0fIFZOU0RhdGFYTlNPYmplY3TSGxwiI1xOU0RpY3Rpb25hcnmiIiBfEA9OU0tleWVkQXJjaGl2ZXLRJidUcm9vdIABAAgAEQAaACMALQAyADcAQABGAE0AVQBgAGcAagBsAG4AcQBzAHUAdwCEAI4AqwCwALgCyALKAs8C2gLjAvEC9QL8AwUDCgMXAxoDLAMvAzQAAAAAAAACAQAAAAAAAAAoAAAAAAAAAAAAAAAAAAADNg==}}

@webpage{Sacek2015,
	Author = {Vladimir Sacek},
	Date-Added = {2015-07-07 11:57:48 AM +0000},
	Date-Modified = {2015-07-07 5:30:05 PM +0000},
	Month = {jul},
	Title = {Monochromatic Eye Aberrations},
	Url = {http://www.telescope-optics.net/monochromatic_eye_aberrations.htm},
	Year = {2015},
	Bdsk-File-1 = {YnBsaXN0MDDUAQIDBAUGJCVYJHZlcnNpb25YJG9iamVjdHNZJGFyY2hpdmVyVCR0b3ASAAGGoKgHCBMUFRYaIVUkbnVsbNMJCgsMDxJXTlMua2V5c1pOUy5vYmplY3RzViRjbGFzc6INDoACgAOiEBGABIAFgAdccmVsYXRpdmVQYXRoWWFsaWFzRGF0YV8QGlBERl9GaWxlcy9WbGFkaW1pcjIwMTUucGRm0hcLGBlXTlMuZGF0YU8RAgwAAAAAAgwAAgAADE1hY2ludG9zaCBIRAAAAAAAAAAAAAAAAAAAANBsgdtIKwAAAMe+mBBWbGFkaW1pcjIwMTUucGRmAAAAAAAAAAAAAAAAAAAAAAAAAAAAAAAAAAAAAAAAAAAAAAAAAAAAAAAAAAAAAAAA3XXS0cFF9gAAAAAAAAAAAAEAAwAACSAAAAAAAAAAAAAAAAAAAAAJUERGX0ZpbGVzAAAQAAgAANBsnfsAAAARAAgAANHBcCYAAAABACAAx76YAMe+jADHO+IAxzRaACCPbwARzTcABidZAAKTmgACAHJNYWNpbnRvc2ggSEQ6VXNlcnM6AG1hdGhldXNrcnVlZ2VyOgBEcm9wYm94OgBVRlJHUzoATVNjIFRoZXNpczoAX19UZXh0OgAwN19SZWZlcmVuY2VzOgBQREZfRmlsZXM6AFZsYWRpbWlyMjAxNS5wZGYADgAiABAAVgBsAGEAZABpAG0AaQByADIAMAAxADUALgBwAGQAZgAPABoADABNAGEAYwBpAG4AdABvAHMAaAAgAEgARAASAF1Vc2Vycy9tYXRoZXVza3J1ZWdlci9Ecm9wYm94L1VGUkdTL01TYyBUaGVzaXMvX19UZXh0LzA3X1JlZmVyZW5jZXMvUERGX0ZpbGVzL1ZsYWRpbWlyMjAxNS5wZGYAABMAAS8AABUAAgAV//8AAIAG0hscHR5aJGNsYXNzbmFtZVgkY2xhc3Nlc11OU011dGFibGVEYXRhox0fIFZOU0RhdGFYTlNPYmplY3TSGxwiI1xOU0RpY3Rpb25hcnmiIiBfEA9OU0tleWVkQXJjaGl2ZXLRJidUcm9vdIABAAgAEQAaACMALQAyADcAQABGAE0AVQBgAGcAagBsAG4AcQBzAHUAdwCEAI4AqwCwALgCyALKAs8C2gLjAvEC9QL8AwUDCgMXAxoDLAMvAzQAAAAAAAACAQAAAAAAAAAoAAAAAAAAAAAAAAAAAAADNg==}}

@inproceedings{Yano2012,
	Author = {Yano, V. and Zimmer, A. and Lee Luan Ling},
	Booktitle = {Pattern Recognition (ICPR), 2012 21st International Conference on},
	Date-Added = {2015-07-06 5:22:51 PM +0000},
	Date-Modified = {2015-07-06 5:22:57 PM +0000},
	Issn = {1051-4651},
	Keywords = {authorisation;feature extraction;fraud;iris recognition;dynamic features;fake biometric features;false rejection;human reflex;iris pattern recognition;multimodal biometric authentication method;personal identification;pupil light reflex;technology-related fraud possibility;Authentication;Cameras;Error analysis;Feature extraction;Humans;Iris recognition;Vectors},
	Month = {Nov},
	Pages = {2857-2860},
	Title = {Multimodal biometric authentication based on iris pattern and pupil light reflex},
	Year = {2012},
	Bdsk-File-1 = {YnBsaXN0MDDUAQIDBAUGJCVYJHZlcnNpb25YJG9iamVjdHNZJGFyY2hpdmVyVCR0b3ASAAGGoKgHCBMUFRYaIVUkbnVsbNMJCgsMDxJXTlMua2V5c1pOUy5vYmplY3RzViRjbGFzc6INDoACgAOiEBGABIAFgAdccmVsYXRpdmVQYXRoWWFsaWFzRGF0YV8QFlBERl9GaWxlcy9ZYW5vMjAxMi5wZGbSFwsYGVdOUy5kYXRhTxEB/AAAAAAB/AACAAAMTWFjaW50b3NoIEhEAAAAAAAAAAAAAAAAAAAA0GyB20grAAAAx76YDFlhbm8yMDEyLnBkZgAAAAAAAAAAAAAAAAAAAAAAAAAAAAAAAAAAAAAAAAAAAAAAAAAAAAAAAAAAAAAAAAAAAADdYXbRwD/LAAAAAAAAAAAAAQADAAAJIAAAAAAAAAAAAAAAAAAAAAlQREZfRmlsZXMAABAACAAA0Gyd+wAAABEACAAA0cBp+wAAAAEAIADHvpgAx76MAMc74gDHNFoAII9vABHNNwAGJ1kAApOaAAIAbk1hY2ludG9zaCBIRDpVc2VyczoAbWF0aGV1c2tydWVnZXI6AERyb3Bib3g6AFVGUkdTOgBNU2MgVGhlc2lzOgBfX1RleHQ6ADA3X1JlZmVyZW5jZXM6AFBERl9GaWxlczoAWWFubzIwMTIucGRmAA4AGgAMAFkAYQBuAG8AMgAwADEAMgAuAHAAZABmAA8AGgAMAE0AYQBjAGkAbgB0AG8AcwBoACAASABEABIAWVVzZXJzL21hdGhldXNrcnVlZ2VyL0Ryb3Bib3gvVUZSR1MvTVNjIFRoZXNpcy9fX1RleHQvMDdfUmVmZXJlbmNlcy9QREZfRmlsZXMvWWFubzIwMTIucGRmAAATAAEvAAAVAAIAFf//AACABtIbHB0eWiRjbGFzc25hbWVYJGNsYXNzZXNdTlNNdXRhYmxlRGF0YaMdHyBWTlNEYXRhWE5TT2JqZWN00hscIiNcTlNEaWN0aW9uYXJ5oiIgXxAPTlNLZXllZEFyY2hpdmVy0SYnVHJvb3SAAQAIABEAGgAjAC0AMgA3AEAARgBNAFUAYABnAGoAbABuAHEAcwB1AHcAhACOAKcArAC0ArQCtgK7AsYCzwLdAuEC6ALxAvYDAwMGAxgDGwMgAAAAAAAAAgEAAAAAAAAAKAAAAAAAAAAAAAAAAAAAAyI=}}

@inproceedings{Flatla2011,
	Author = {Flatla, David R},
	Booktitle = {Proceedings of the 24th annual ACM symposium adjunct on User interface software and technology},
	Date-Added = {2015-07-06 5:15:09 PM +0000},
	Date-Modified = {2015-07-06 5:15:54 PM +0000},
	Organization = {ACM},
	Pages = {31--34},
	Title = {Accessibility for individuals with color vision deficiency},
	Year = {2011},
	Bdsk-File-1 = {YnBsaXN0MDDUAQIDBAUGJCVYJHZlcnNpb25YJG9iamVjdHNZJGFyY2hpdmVyVCR0b3ASAAGGoKgHCBMUFRYaIVUkbnVsbNMJCgsMDxJXTlMua2V5c1pOUy5vYmplY3RzViRjbGFzc6INDoACgAOiEBGABIAFgAdccmVsYXRpdmVQYXRoWWFsaWFzRGF0YV8QGFBERl9GaWxlcy9GbGF0bGEyMDExLnBkZtIXCxgZV05TLmRhdGFPEQIEAAAAAAIEAAIAAAxNYWNpbnRvc2ggSEQAAAAAAAAAAAAAAAAAAADQbIHbSCsAAADHvpgORmxhdGxhMjAxMS5wZGYAAAAAAAAAAAAAAAAAAAAAAAAAAAAAAAAAAAAAAAAAAAAAAAAAAAAAAAAAAAAAAAAAAN1gptHAPkIAAAAAAAAAAAABAAMAAAkgAAAAAAAAAAAAAAAAAAAACVBERl9GaWxlcwAAEAAIAADQbJ37AAAAEQAIAADRwGhyAAAAAQAgAMe+mADHvowAxzviAMc0WgAgj28AEc03AAYnWQACk5oAAgBwTWFjaW50b3NoIEhEOlVzZXJzOgBtYXRoZXVza3J1ZWdlcjoARHJvcGJveDoAVUZSR1M6AE1TYyBUaGVzaXM6AF9fVGV4dDoAMDdfUmVmZXJlbmNlczoAUERGX0ZpbGVzOgBGbGF0bGEyMDExLnBkZgAOAB4ADgBGAGwAYQB0AGwAYQAyADAAMQAxAC4AcABkAGYADwAaAAwATQBhAGMAaQBuAHQAbwBzAGgAIABIAEQAEgBbVXNlcnMvbWF0aGV1c2tydWVnZXIvRHJvcGJveC9VRlJHUy9NU2MgVGhlc2lzL19fVGV4dC8wN19SZWZlcmVuY2VzL1BERl9GaWxlcy9GbGF0bGEyMDExLnBkZgAAEwABLwAAFQACABX//wAAgAbSGxwdHlokY2xhc3NuYW1lWCRjbGFzc2VzXU5TTXV0YWJsZURhdGGjHR8gVk5TRGF0YVhOU09iamVjdNIbHCIjXE5TRGljdGlvbmFyeaIiIF8QD05TS2V5ZWRBcmNoaXZlctEmJ1Ryb290gAEACAARABoAIwAtADIANwBAAEYATQBVAGAAZwBqAGwAbgBxAHMAdQB3AIQAjgCpAK4AtgK+AsACxQLQAtkC5wLrAvIC+wMAAw0DEAMiAyUDKgAAAAAAAAIBAAAAAAAAACgAAAAAAAAAAAAAAAAAAAMs}}

@article{Berard2014,
	Author = {B{\'e}rard, Pascal and Bradley, Derek and Nitti, Maurizio and Beeler, Thabo and Gross, Markus},
	Date-Added = {2015-07-06 5:06:11 PM +0000},
	Date-Modified = {2015-07-06 5:06:19 PM +0000},
	Journal = {ACM Transactions on Graphics},
	Number = {6},
	Pages = {223},
	Title = {Highquality capture of eyes},
	Volume = {33},
	Year = {2014},
	Bdsk-File-1 = {YnBsaXN0MDDUAQIDBAUGJCVYJHZlcnNpb25YJG9iamVjdHNZJGFyY2hpdmVyVCR0b3ASAAGGoKgHCBMUFRYaIVUkbnVsbNMJCgsMDxJXTlMua2V5c1pOUy5vYmplY3RzViRjbGFzc6INDoACgAOiEBGABIAFgAdccmVsYXRpdmVQYXRoWWFsaWFzRGF0YV8QGFBERl9GaWxlcy9CZXJhcmQyMDE0LnBkZtIXCxgZV05TLmRhdGFPEQIEAAAAAAIEAAIAAAxNYWNpbnRvc2ggSEQAAAAAAAAAAAAAAAAAAADQbIHbSCsAAADHvpgOQmVyYXJkMjAxNC5wZGYAAAAAAAAAAAAAAAAAAAAAAAAAAAAAAAAAAAAAAAAAAAAAAAAAAAAAAAAAAAAAAAAAAN1f2tHAPJoAAAAAAAAAAAABAAMAAAkgAAAAAAAAAAAAAAAAAAAACVBERl9GaWxlcwAAEAAIAADQbJ37AAAAEQAIAADRwGbKAAAAAQAgAMe+mADHvowAxzviAMc0WgAgj28AEc03AAYnWQACk5oAAgBwTWFjaW50b3NoIEhEOlVzZXJzOgBtYXRoZXVza3J1ZWdlcjoARHJvcGJveDoAVUZSR1M6AE1TYyBUaGVzaXM6AF9fVGV4dDoAMDdfUmVmZXJlbmNlczoAUERGX0ZpbGVzOgBCZXJhcmQyMDE0LnBkZgAOAB4ADgBCAGUAcgBhAHIAZAAyADAAMQA0AC4AcABkAGYADwAaAAwATQBhAGMAaQBuAHQAbwBzAGgAIABIAEQAEgBbVXNlcnMvbWF0aGV1c2tydWVnZXIvRHJvcGJveC9VRlJHUy9NU2MgVGhlc2lzL19fVGV4dC8wN19SZWZlcmVuY2VzL1BERl9GaWxlcy9CZXJhcmQyMDE0LnBkZgAAEwABLwAAFQACABX//wAAgAbSGxwdHlokY2xhc3NuYW1lWCRjbGFzc2VzXU5TTXV0YWJsZURhdGGjHR8gVk5TRGF0YVhOU09iamVjdNIbHCIjXE5TRGljdGlvbmFyeaIiIF8QD05TS2V5ZWRBcmNoaXZlctEmJ1Ryb290gAEACAARABoAIwAtADIANwBAAEYATQBVAGAAZwBqAGwAbgBxAHMAdQB3AIQAjgCpAK4AtgK+AsACxQLQAtkC5wLrAvIC+wMAAw0DEAMiAyUDKgAAAAAAAAIBAAAAAAAAACgAAAAAAAAAAAAAAAAAAAMs}}

@article{Kronbauer2011,
	Author = {Kronbauer, Airton Leite and Schor, Paulo and Chamon, Wallace and Carvalho, Luis Alberto Vieira de},
	Date-Added = {2015-07-06 4:08:54 PM +0000},
	Date-Modified = {2015-07-06 4:32:03 PM +0000},
	Doi = {10.1590/s0004-27492011000200004},
	Issn = {0004-2749},
	Journal = {Arquivos brasileiros de oftalmologia},
	Number = {2},
	Pages = {91---96},
	Title = {Vision measurement in candelas: description of a psychophysical technique to quantify luminous intensity},
	Url = {http://dx.doi.org/10.1590/S0004-27492011000200004},
	Volume = {74},
	Year = {2011},
	Bdsk-File-1 = {YnBsaXN0MDDUAQIDBAUGJCVYJHZlcnNpb25YJG9iamVjdHNZJGFyY2hpdmVyVCR0b3ASAAGGoKgHCBMUFRYaIVUkbnVsbNMJCgsMDxJXTlMua2V5c1pOUy5vYmplY3RzViRjbGFzc6INDoACgAOiEBGABIAFgAdccmVsYXRpdmVQYXRoWWFsaWFzRGF0YV8QG1BERl9GaWxlcy9Lcm9uYmF1ZXIyMDExLnBkZtIXCxgZV05TLmRhdGFPEQIQAAAAAAIQAAIAAAxNYWNpbnRvc2ggSEQAAAAAAAAAAAAAAAAAAADQbIHbSCsAAADHvpgRS3JvbmJhdWVyMjAxMS5wZGYAAAAAAAAAAAAAAAAAAAAAAAAAAAAAAAAAAAAAAAAAAAAAAAAAAAAAAAAAAAAAAN1Wfs2n9rwAAAAAAAAAAAABAAMAAAkgAAAAAAAAAAAAAAAAAAAACVBERl9GaWxlcwAAEAAIAADQbJ37AAAAEQAIAADNqCDsAAAAAQAgAMe+mADHvowAxzviAMc0WgAgj28AEc03AAYnWQACk5oAAgBzTWFjaW50b3NoIEhEOlVzZXJzOgBtYXRoZXVza3J1ZWdlcjoARHJvcGJveDoAVUZSR1M6AE1TYyBUaGVzaXM6AF9fVGV4dDoAMDdfUmVmZXJlbmNlczoAUERGX0ZpbGVzOgBLcm9uYmF1ZXIyMDExLnBkZgAADgAkABEASwByAG8AbgBiAGEAdQBlAHIAMgAwADEAMQAuAHAAZABmAA8AGgAMAE0AYQBjAGkAbgB0AG8AcwBoACAASABEABIAXlVzZXJzL21hdGhldXNrcnVlZ2VyL0Ryb3Bib3gvVUZSR1MvTVNjIFRoZXNpcy9fX1RleHQvMDdfUmVmZXJlbmNlcy9QREZfRmlsZXMvS3JvbmJhdWVyMjAxMS5wZGYAEwABLwAAFQACABX//wAAgAbSGxwdHlokY2xhc3NuYW1lWCRjbGFzc2VzXU5TTXV0YWJsZURhdGGjHR8gVk5TRGF0YVhOU09iamVjdNIbHCIjXE5TRGljdGlvbmFyeaIiIF8QD05TS2V5ZWRBcmNoaXZlctEmJ1Ryb290gAEACAARABoAIwAtADIANwBAAEYATQBVAGAAZwBqAGwAbgBxAHMAdQB3AIQAjgCsALEAuQLNAs8C1ALfAugC9gL6AwEDCgMPAxwDHwMxAzQDOQAAAAAAAAIBAAAAAAAAACgAAAAAAAAAAAAAAAAAAAM7},
	Bdsk-Url-1 = {http://dx.doi.org/10.1590/S0004-27492011000200004},
	Bdsk-Url-2 = {http://dx.doi.org/10.1590/s0004-27492011000200004}}

@article{Tarrant2010,
	Author = {Tarrant, Janice and Roorda, Austin and Wildsoet, Christine F.},
	Date-Added = {2015-07-06 2:43:20 PM +0000},
	Date-Modified = {2015-07-06 2:43:30 PM +0000},
	Doi = {10.1167/10.5.4},
	Eprint = {/data/Journals/JOV/932796/jov-10-5-4.pdf},
	Journal = {Journal of Vision},
	Number = {5},
	Pages = {4},
	Title = {Determining the accommodative response from wavefront aberrations},
	Url = {+ http://dx.doi.org/10.1167/10.5.4},
	Volume = {10},
	Year = {2010},
	Bdsk-File-1 = {YnBsaXN0MDDUAQIDBAUGJCVYJHZlcnNpb25YJG9iamVjdHNZJGFyY2hpdmVyVCR0b3ASAAGGoKgHCBMUFRYaIVUkbnVsbNMJCgsMDxJXTlMua2V5c1pOUy5vYmplY3RzViRjbGFzc6INDoACgAOiEBGABIAFgAdccmVsYXRpdmVQYXRoWWFsaWFzRGF0YV8QGVBERl9GaWxlcy9UYXJyYW50MjAxMC5wZGbSFwsYGVdOUy5kYXRhTxECCAAAAAACCAACAAAMTWFjaW50b3NoIEhEAAAAAAAAAAAAAAAAAAAA0GyB20grAAAAx76YD1RhcnJhbnQyMDEwLnBkZgAAAAAAAAAAAAAAAAAAAAAAAAAAAAAAAAAAAAAAAAAAAAAAAAAAAAAAAAAAAAAAAACN9gjRSHe4AAAAAAAAAAAAAQADAAAJIAAAAAAAAAAAAAAAAAAAAAlQREZfRmlsZXMAABAACAAA0Gyd+wAAABEACAAA0Uih6AAAAAEAIADHvpgAx76MAMc74gDHNFoAII9vABHNNwAGJ1kAApOaAAIAcU1hY2ludG9zaCBIRDpVc2VyczoAbWF0aGV1c2tydWVnZXI6AERyb3Bib3g6AFVGUkdTOgBNU2MgVGhlc2lzOgBfX1RleHQ6ADA3X1JlZmVyZW5jZXM6AFBERl9GaWxlczoAVGFycmFudDIwMTAucGRmAAAOACAADwBUAGEAcgByAGEAbgB0ADIAMAAxADAALgBwAGQAZgAPABoADABNAGEAYwBpAG4AdABvAHMAaAAgAEgARAASAFxVc2Vycy9tYXRoZXVza3J1ZWdlci9Ecm9wYm94L1VGUkdTL01TYyBUaGVzaXMvX19UZXh0LzA3X1JlZmVyZW5jZXMvUERGX0ZpbGVzL1RhcnJhbnQyMDEwLnBkZgATAAEvAAAVAAIAFf//AACABtIbHB0eWiRjbGFzc25hbWVYJGNsYXNzZXNdTlNNdXRhYmxlRGF0YaMdHyBWTlNEYXRhWE5TT2JqZWN00hscIiNcTlNEaWN0aW9uYXJ5oiIgXxAPTlNLZXllZEFyY2hpdmVy0SYnVHJvb3SAAQAIABEAGgAjAC0AMgA3AEAARgBNAFUAYABnAGoAbABuAHEAcwB1AHcAhACOAKoArwC3AsMCxQLKAtUC3gLsAvAC9wMAAwUDEgMVAycDKgMvAAAAAAAAAgEAAAAAAAAAKAAAAAAAAAAAAAAAAAAAAzE=},
	Bdsk-Url-1 = {+%20http://dx.doi.org/10.1167/10.5.4},
	Bdsk-Url-2 = {http://dx.doi.org/10.1167/10.5.4}}

@article{Watson2008,
	Author = {Watson, Andrew B. and Ahumada, Jr ,Albert J.},
	Date-Added = {2015-07-06 2:41:44 PM +0000},
	Date-Modified = {2015-07-06 2:41:54 PM +0000},
	Doi = {10.1167/8.4.17},
	Eprint = {/data/Journals/JOV/932856/jov-8-4-17.pdf},
	Journal = {Journal of Vision},
	Number = {4},
	Pages = {17},
	Title = {Predicting visual acuity from wavefront aberrations},
	Url = {+ http://dx.doi.org/10.1167/8.4.17},
	Volume = {8},
	Year = {2008},
	Bdsk-File-1 = {YnBsaXN0MDDUAQIDBAUGJCVYJHZlcnNpb25YJG9iamVjdHNZJGFyY2hpdmVyVCR0b3ASAAGGoKgHCBMUFRYaIVUkbnVsbNMJCgsMDxJXTlMua2V5c1pOUy5vYmplY3RzViRjbGFzc6INDoACgAOiEBGABIAFgAdccmVsYXRpdmVQYXRoWWFsaWFzRGF0YV8QGFBERl9GaWxlcy9XYXRzb24yMDA4LnBkZtIXCxgZV05TLmRhdGFPEQIEAAAAAAIEAAIAAAxNYWNpbnRvc2ggSEQAAAAAAAAAAAAAAAAAAADQbIHbSCsAAADHvpgOV2F0c29uMjAwOC5wZGYAAAAAAAAAAAAAAAAAAAAAAAAAAAAAAAAAAAAAAAAAAAAAAAAAAAAAAAAAAAAAAAAAANX1OtGDoakAAAAAAAAAAAABAAMAAAkgAAAAAAAAAAAAAAAAAAAACVBERl9GaWxlcwAAEAAIAADQbJ37AAAAEQAIAADRg8vZAAAAAQAgAMe+mADHvowAxzviAMc0WgAgj28AEc03AAYnWQACk5oAAgBwTWFjaW50b3NoIEhEOlVzZXJzOgBtYXRoZXVza3J1ZWdlcjoARHJvcGJveDoAVUZSR1M6AE1TYyBUaGVzaXM6AF9fVGV4dDoAMDdfUmVmZXJlbmNlczoAUERGX0ZpbGVzOgBXYXRzb24yMDA4LnBkZgAOAB4ADgBXAGEAdABzAG8AbgAyADAAMAA4AC4AcABkAGYADwAaAAwATQBhAGMAaQBuAHQAbwBzAGgAIABIAEQAEgBbVXNlcnMvbWF0aGV1c2tydWVnZXIvRHJvcGJveC9VRlJHUy9NU2MgVGhlc2lzL19fVGV4dC8wN19SZWZlcmVuY2VzL1BERl9GaWxlcy9XYXRzb24yMDA4LnBkZgAAEwABLwAAFQACABX//wAAgAbSGxwdHlokY2xhc3NuYW1lWCRjbGFzc2VzXU5TTXV0YWJsZURhdGGjHR8gVk5TRGF0YVhOU09iamVjdNIbHCIjXE5TRGljdGlvbmFyeaIiIF8QD05TS2V5ZWRBcmNoaXZlctEmJ1Ryb290gAEACAARABoAIwAtADIANwBAAEYATQBVAGAAZwBqAGwAbgBxAHMAdQB3AIQAjgCpAK4AtgK+AsACxQLQAtkC5wLrAvIC+wMAAw0DEAMiAyUDKgAAAAAAAAIBAAAAAAAAACgAAAAAAAAAAAAAAAAAAAMs},
	Bdsk-Url-1 = {+%20http://dx.doi.org/10.1167/8.4.17},
	Bdsk-Url-2 = {http://dx.doi.org/10.1167/8.4.17}}

@phdthesis{Yu2001,
	Author = {Yu, Woojin Matthew},
	Date-Added = {2015-07-06 2:39:42 PM +0000},
	Date-Modified = {2015-07-06 2:40:17 PM +0000},
	School = {University of California, Berkeley},
	Title = {Simulation of Vision through an Actual Human Optical System},
	Year = {2001},
	Bdsk-File-1 = {YnBsaXN0MDDUAQIDBAUGJCVYJHZlcnNpb25YJG9iamVjdHNZJGFyY2hpdmVyVCR0b3ASAAGGoKgHCBMUFRYaIVUkbnVsbNMJCgsMDxJXTlMua2V5c1pOUy5vYmplY3RzViRjbGFzc6INDoACgAOiEBGABIAFgAdccmVsYXRpdmVQYXRoWWFsaWFzRGF0YV8QFFBERl9GaWxlcy9ZdTIwMDEucGRm0hcLGBlXTlMuZGF0YU8RAfQAAAAAAfQAAgAADE1hY2ludG9zaCBIRAAAAAAAAAAAAAAAAAAAANBsgdtIKwAAAMe+mApZdTIwMDEucGRmAAAAAAAAAAAAAAAAAAAAAAAAAAAAAAAAAAAAAAAAAAAAAAAAAAAAAAAAAAAAAAAAAAAAAAAAeSDAAAAAAAAAAAAAAAAAAAEAAwAACSAAAAAAAAAAAAAAAAAAAAAJUERGX0ZpbGVzAAAQAAgAANBsnfsAAAARAAgAAAAAAAAAAAABACAAx76YAMe+jADHO+IAxzRaACCPbwARzTcABidZAAKTmgACAGxNYWNpbnRvc2ggSEQ6VXNlcnM6AG1hdGhldXNrcnVlZ2VyOgBEcm9wYm94OgBVRlJHUzoATVNjIFRoZXNpczoAX19UZXh0OgAwN19SZWZlcmVuY2VzOgBQREZfRmlsZXM6AFl1MjAwMS5wZGYADgAWAAoAWQB1ADIAMAAwADEALgBwAGQAZgAPABoADABNAGEAYwBpAG4AdABvAHMAaAAgAEgARAASAFdVc2Vycy9tYXRoZXVza3J1ZWdlci9Ecm9wYm94L1VGUkdTL01TYyBUaGVzaXMvX19UZXh0LzA3X1JlZmVyZW5jZXMvUERGX0ZpbGVzL1l1MjAwMS5wZGYAABMAAS8AABUAAgAV//8AAIAG0hscHR5aJGNsYXNzbmFtZVgkY2xhc3Nlc11OU011dGFibGVEYXRhox0fIFZOU0RhdGFYTlNPYmplY3TSGxwiI1xOU0RpY3Rpb25hcnmiIiBfEA9OU0tleWVkQXJjaGl2ZXLRJidUcm9vdIABAAgAEQAaACMALQAyADcAQABGAE0AVQBgAGcAagBsAG4AcQBzAHUAdwCEAI4ApQCqALICqgKsArECvALFAtMC1wLeAucC7AL5AvwDDgMRAxYAAAAAAAACAQAAAAAAAAAoAAAAAAAAAAAAAAAAAAADGA==}}

@article{Liang1994,
	Abstract = {A Hartmann--Shack wave-front sensor is used to measure the wave aberrations of the human eye by sensing the wave front emerging from the eye produced by the retinal reflection of a focused light spot on the fovea. Since the test involves the measurements of the local slopes of the wave front, the actual wave front is reconstructed by the use of wave-front estimation with Zernike polynomials. From the estimated Zernike coefficients of the tested wave front the aberrations of the eye are evaluated. It is shown that with this method, using a Hartmann--Shack wave-front sensor, one can obtain a fast, precise, and objective measurement of the aberrations of the eye.},
	Author = {Junzhong Liang and Bernhard Grimm and Stefan Goelz and Josef F. Bille},
	Date-Added = {2015-07-06 2:37:38 PM +0000},
	Date-Modified = {2015-07-06 2:37:52 PM +0000},
	Doi = {10.1364/JOSAA.11.001949},
	Journal = {J. Opt. Soc. Am. A},
	Month = {Jul},
	Number = {7},
	Pages = {1949--1957},
	Publisher = {OSA},
	Title = {Objective measurement of wave aberrations of the human eye with the use of a Hartmann--Shack wave-front sensor},
	Url = {http://josaa.osa.org/abstract.cfm?URI=josaa-11-7-1949},
	Volume = {11},
	Year = {1994},
	Bdsk-File-1 = {YnBsaXN0MDDUAQIDBAUGJCVYJHZlcnNpb25YJG9iamVjdHNZJGFyY2hpdmVyVCR0b3ASAAGGoKgHCBMUFRYaIVUkbnVsbNMJCgsMDxJXTlMua2V5c1pOUy5vYmplY3RzViRjbGFzc6INDoACgAOiEBGABIAFgAdccmVsYXRpdmVQYXRoWWFsaWFzRGF0YV8QF1BERl9GaWxlcy9MaWFuZzE5OTQucGRm0hcLGBlXTlMuZGF0YU8RAgAAAAAAAgAAAgAADE1hY2ludG9zaCBIRAAAAAAAAAAAAAAAAAAAANBsgdtIKwAAAMe+mA1MaWFuZzE5OTQucGRmAAAAAAAAAAAAAAAAAAAAAAAAAAAAAAAAAAAAAAAAAAAAAAAAAAAAAAAAAAAAAAAAAAAAusrg0YVKIQAAAAAAAAAAAAEAAwAACSAAAAAAAAAAAAAAAAAAAAAJUERGX0ZpbGVzAAAQAAgAANBsnfsAAAARAAgAANGFdFEAAAABACAAx76YAMe+jADHO+IAxzRaACCPbwARzTcABidZAAKTmgACAG9NYWNpbnRvc2ggSEQ6VXNlcnM6AG1hdGhldXNrcnVlZ2VyOgBEcm9wYm94OgBVRlJHUzoATVNjIFRoZXNpczoAX19UZXh0OgAwN19SZWZlcmVuY2VzOgBQREZfRmlsZXM6AExpYW5nMTk5NC5wZGYAAA4AHAANAEwAaQBhAG4AZwAxADkAOQA0AC4AcABkAGYADwAaAAwATQBhAGMAaQBuAHQAbwBzAGgAIABIAEQAEgBaVXNlcnMvbWF0aGV1c2tydWVnZXIvRHJvcGJveC9VRlJHUy9NU2MgVGhlc2lzL19fVGV4dC8wN19SZWZlcmVuY2VzL1BERl9GaWxlcy9MaWFuZzE5OTQucGRmABMAAS8AABUAAgAV//8AAIAG0hscHR5aJGNsYXNzbmFtZVgkY2xhc3Nlc11OU011dGFibGVEYXRhox0fIFZOU0RhdGFYTlNPYmplY3TSGxwiI1xOU0RpY3Rpb25hcnmiIiBfEA9OU0tleWVkQXJjaGl2ZXLRJidUcm9vdIABAAgAEQAaACMALQAyADcAQABGAE0AVQBgAGcAagBsAG4AcQBzAHUAdwCEAI4AqACtALUCuQK7AsACywLUAuIC5gLtAvYC+wMIAwsDHQMgAyUAAAAAAAACAQAAAAAAAAAoAAAAAAAAAAAAAAAAAAADJw==},
	Bdsk-Url-1 = {http://josaa.osa.org/abstract.cfm?URI=josaa-11-7-1949},
	Bdsk-Url-2 = {http://dx.doi.org/10.1364/JOSAA.11.001949}}

@article{Mostafawy1997,
	Author = {Mostafawy, S. and Kermani, O. and Lubatschowski, H.},
	Date-Added = {2015-07-06 2:36:20 PM +0000},
	Date-Modified = {2015-07-06 2:36:38 PM +0000},
	Doi = {10.1109/38.576849},
	Issn = {0272-1716},
	Journal = {Computer Graphics and Applications, IEEE},
	Keywords = {data visualisation;digital simulation;eye;medical computing;ray tracing;realistic images;rendering (computer graphics);visual perception;3D scenes;Virtual Eye;aberration;clinical applications;computer graphics;depth of field;human eye;illumination algorithms;lens combinations;light transport;motion blur;optimization techniques;radiation;ray tracing;realistic camera model;realistic images;reflection;rendering;retinal image visualization;retinal perception;simulation;surgical techniques;Algorithm design and analysis;Computational modeling;Computer graphics;Humans;Layout;Lighting;Optical reflection;Ray tracing;Retina;Visualization},
	Month = {Jan},
	Number = {1},
	Pages = {8-12},
	Title = {Virtual Eye: retinal image visualization of the human eye},
	Volume = {17},
	Year = {1997},
	Bdsk-File-1 = {YnBsaXN0MDDUAQIDBAUGJCVYJHZlcnNpb25YJG9iamVjdHNZJGFyY2hpdmVyVCR0b3ASAAGGoKgHCBMUFRYaIVUkbnVsbNMJCgsMDxJXTlMua2V5c1pOUy5vYmplY3RzViRjbGFzc6INDoACgAOiEBGABIAFgAdccmVsYXRpdmVQYXRoWWFsaWFzRGF0YV8QG1BERl9GaWxlcy9Nb3N0YWZhd3kxOTk3LnBkZtIXCxgZV05TLmRhdGFPEQIQAAAAAAIQAAIAAAxNYWNpbnRvc2ggSEQAAAAAAAAAAAAAAAAAAADQbIHbSCsAAADHvpgRTW9zdGFmYXd5MTk5Ny5wZGYAAAAAAAAAAAAAAAAAAAAAAAAAAAAAAAAAAAAAAAAAAAAAAAAAAAAAAAAAAAAAAN1N09F8AEAAAAAAAAAAAAABAAMAAAkgAAAAAAAAAAAAAAAAAAAACVBERl9GaWxlcwAAEAAIAADQbJ37AAAAEQAIAADRfCpwAAAAAQAgAMe+mADHvowAxzviAMc0WgAgj28AEc03AAYnWQACk5oAAgBzTWFjaW50b3NoIEhEOlVzZXJzOgBtYXRoZXVza3J1ZWdlcjoARHJvcGJveDoAVUZSR1M6AE1TYyBUaGVzaXM6AF9fVGV4dDoAMDdfUmVmZXJlbmNlczoAUERGX0ZpbGVzOgBNb3N0YWZhd3kxOTk3LnBkZgAADgAkABEATQBvAHMAdABhAGYAYQB3AHkAMQA5ADkANwAuAHAAZABmAA8AGgAMAE0AYQBjAGkAbgB0AG8AcwBoACAASABEABIAXlVzZXJzL21hdGhldXNrcnVlZ2VyL0Ryb3Bib3gvVUZSR1MvTVNjIFRoZXNpcy9fX1RleHQvMDdfUmVmZXJlbmNlcy9QREZfRmlsZXMvTW9zdGFmYXd5MTk5Ny5wZGYAEwABLwAAFQACABX//wAAgAbSGxwdHlokY2xhc3NuYW1lWCRjbGFzc2VzXU5TTXV0YWJsZURhdGGjHR8gVk5TRGF0YVhOU09iamVjdNIbHCIjXE5TRGljdGlvbmFyeaIiIF8QD05TS2V5ZWRBcmNoaXZlctEmJ1Ryb290gAEACAARABoAIwAtADIANwBAAEYATQBVAGAAZwBqAGwAbgBxAHMAdQB3AIQAjgCsALEAuQLNAs8C1ALfAugC9gL6AwEDCgMPAxwDHwMxAzQDOQAAAAAAAAIBAAAAAAAAACgAAAAAAAAAAAAAAAAAAAM7},
	Bdsk-Url-1 = {http://dx.doi.org/10.1109/38.576849}}

@inproceedings{Kolb1995,
	Acmid = {218463},
	Address = {New York, NY, USA},
	Author = {Kolb, Craig and Mitchell, Don and Hanrahan, Pat},
	Booktitle = {Proceedings of the 22Nd Annual Conference on Computer Graphics and Interactive Techniques},
	Date-Added = {2015-07-06 2:35:13 PM +0000},
	Date-Modified = {2015-07-06 2:35:23 PM +0000},
	Doi = {10.1145/218380.218463},
	Isbn = {0-89791-701-4},
	Keywords = {camera modeling, lens simulation, ray tracing, sampling},
	Numpages = {8},
	Pages = {317--324},
	Publisher = {ACM},
	Series = {SIGGRAPH '95},
	Title = {A Realistic Camera Model for Computer Graphics},
	Url = {http://doi.acm.org/10.1145/218380.218463},
	Year = {1995},
	Bdsk-File-1 = {YnBsaXN0MDDUAQIDBAUGJCVYJHZlcnNpb25YJG9iamVjdHNZJGFyY2hpdmVyVCR0b3ASAAGGoKgHCBMUFRYaIVUkbnVsbNMJCgsMDxJXTlMua2V5c1pOUy5vYmplY3RzViRjbGFzc6INDoACgAOiEBGABIAFgAdccmVsYXRpdmVQYXRoWWFsaWFzRGF0YV8QFlBERl9GaWxlcy9Lb2xiMTk5NS5wZGbSFwsYGVdOUy5kYXRhTxEB/AAAAAAB/AACAAAMTWFjaW50b3NoIEhEAAAAAAAAAAAAAAAAAAAA0GyB20grAAAAx76YDEtvbGIxOTk1LnBkZgAAAAAAAAAAAAAAAAAAAAAAAAAAAAAAAAAAAAAAAAAAAAAAAAAAAAAAAAAAAAAAAAAAAADdSzXRe/9lAAAAAAAAAAAAAQADAAAJIAAAAAAAAAAAAAAAAAAAAAlQREZfRmlsZXMAABAACAAA0Gyd+wAAABEACAAA0XwplQAAAAEAIADHvpgAx76MAMc74gDHNFoAII9vABHNNwAGJ1kAApOaAAIAbk1hY2ludG9zaCBIRDpVc2VyczoAbWF0aGV1c2tydWVnZXI6AERyb3Bib3g6AFVGUkdTOgBNU2MgVGhlc2lzOgBfX1RleHQ6ADA3X1JlZmVyZW5jZXM6AFBERl9GaWxlczoAS29sYjE5OTUucGRmAA4AGgAMAEsAbwBsAGIAMQA5ADkANQAuAHAAZABmAA8AGgAMAE0AYQBjAGkAbgB0AG8AcwBoACAASABEABIAWVVzZXJzL21hdGhldXNrcnVlZ2VyL0Ryb3Bib3gvVUZSR1MvTVNjIFRoZXNpcy9fX1RleHQvMDdfUmVmZXJlbmNlcy9QREZfRmlsZXMvS29sYjE5OTUucGRmAAATAAEvAAAVAAIAFf//AACABtIbHB0eWiRjbGFzc25hbWVYJGNsYXNzZXNdTlNNdXRhYmxlRGF0YaMdHyBWTlNEYXRhWE5TT2JqZWN00hscIiNcTlNEaWN0aW9uYXJ5oiIgXxAPTlNLZXllZEFyY2hpdmVy0SYnVHJvb3SAAQAIABEAGgAjAC0AMgA3AEAARgBNAFUAYABnAGoAbABuAHEAcwB1AHcAhACOAKcArAC0ArQCtgK7AsYCzwLdAuEC6ALxAvYDAwMGAxgDGwMgAAAAAAAAAgEAAAAAAAAAKAAAAAAAAAAAAAAAAAAAAyI=},
	Bdsk-Url-1 = {http://doi.acm.org/10.1145/218380.218463},
	Bdsk-Url-2 = {http://dx.doi.org/10.1145/218380.218463}}

@inproceedings{Camp1990,
	Author = {Camp, J.J. and Maguire, L.J. and Robb, R.A.},
	Booktitle = {Visualization in Biomedical Computing, 1990., Proceedings of the First Conference on},
	Date-Added = {2015-07-06 2:34:03 PM +0000},
	Date-Modified = {2015-07-06 2:34:13 PM +0000},
	Doi = {10.1109/VBC.1990.109333},
	Keywords = {eye;geometrical optics;medical computing;physiological models;classical geometric refraction;computer time;corneal topography;efficient ray tracing algorithm;lensmaker's equations;optical point-spread function;statistical measures;visual effects;visual performance model;Biomedical optical imaging;Cornea;Layout;Optical refraction;Optical signal processing;Physiology;Ray tracing;Signal processing algorithms;Surface topography;Surgery},
	Month = {May},
	Pages = {278-285},
	Title = {An efficient ray tracing algorithm for modeling visual performance from corneal topography},
	Year = {1990},
	Bdsk-Url-1 = {http://dx.doi.org/10.1109/VBC.1990.109333}}

@inproceedings{Pamplona2011,
	Acmid = {1964942},
	Address = {New York, NY, USA},
	Articleno = {47},
	Author = {Pamplona, Vitor F. and Passos, Erick B. and Zizka, Jan and Oliveira, Manuel M. and Lawson, Everett and Clua, Esteban and Raskar, Ramesh},
	Booktitle = {ACM SIGGRAPH 2011 Papers},
	Date-Added = {2015-07-06 12:42:24 PM +0000},
	Date-Modified = {2015-07-06 12:42:33 PM +0000},
	Doi = {10.1145/1964921.1964942},
	Isbn = {978-1-4503-0943-1},
	Keywords = {cataracts, computer-human interaction, light-fields},
	Location = {Vancouver, British Columbia, Canada},
	Numpages = {8},
	Pages = {47:1--47:8},
	Publisher = {ACM},
	Series = {SIGGRAPH '11},
	Title = {CATRA: Interactive Measuring and Modeling of Cataracts},
	Url = {http://doi.acm.org/10.1145/1964921.1964942},
	Year = {2011},
	Bdsk-File-1 = {YnBsaXN0MDDUAQIDBAUGJCVYJHZlcnNpb25YJG9iamVjdHNZJGFyY2hpdmVyVCR0b3ASAAGGoKgHCBMUFRYaIVUkbnVsbNMJCgsMDxJXTlMua2V5c1pOUy5vYmplY3RzViRjbGFzc6INDoACgAOiEBGABIAFgAdccmVsYXRpdmVQYXRoWWFsaWFzRGF0YV8QGlBERl9GaWxlcy9QYW1wbG9uYTIwMTEucGRm0hcLGBlXTlMuZGF0YU8RAgwAAAAAAgwAAgAADE1hY2ludG9zaCBIRAAAAAAAAAAAAAAAAAAAANBsgdtIKwAAAMe+mBBQYW1wbG9uYTIwMTEucGRmAAAAAAAAAAAAAAAAAAAAAAAAAAAAAAAAAAAAAAAAAAAAAAAAAAAAAAAAAAAAAAAA3U5T0cAf8wAAAAAAAAAAAAEAAwAACSAAAAAAAAAAAAAAAAAAAAAJUERGX0ZpbGVzAAAQAAgAANBsnfsAAAARAAgAANHASiMAAAABACAAx76YAMe+jADHO+IAxzRaACCPbwARzTcABidZAAKTmgACAHJNYWNpbnRvc2ggSEQ6VXNlcnM6AG1hdGhldXNrcnVlZ2VyOgBEcm9wYm94OgBVRlJHUzoATVNjIFRoZXNpczoAX19UZXh0OgAwN19SZWZlcmVuY2VzOgBQREZfRmlsZXM6AFBhbXBsb25hMjAxMS5wZGYADgAiABAAUABhAG0AcABsAG8AbgBhADIAMAAxADEALgBwAGQAZgAPABoADABNAGEAYwBpAG4AdABvAHMAaAAgAEgARAASAF1Vc2Vycy9tYXRoZXVza3J1ZWdlci9Ecm9wYm94L1VGUkdTL01TYyBUaGVzaXMvX19UZXh0LzA3X1JlZmVyZW5jZXMvUERGX0ZpbGVzL1BhbXBsb25hMjAxMS5wZGYAABMAAS8AABUAAgAV//8AAIAG0hscHR5aJGNsYXNzbmFtZVgkY2xhc3Nlc11OU011dGFibGVEYXRhox0fIFZOU0RhdGFYTlNPYmplY3TSGxwiI1xOU0RpY3Rpb25hcnmiIiBfEA9OU0tleWVkQXJjaGl2ZXLRJidUcm9vdIABAAgAEQAaACMALQAyADcAQABGAE0AVQBgAGcAagBsAG4AcQBzAHUAdwCEAI4AqwCwALgCyALKAs8C2gLjAvEC9QL8AwUDCgMXAxoDLAMvAzQAAAAAAAACAQAAAAAAAAAoAAAAAAAAAAAAAAAAAAADNg==},
	Bdsk-Url-1 = {http://doi.acm.org/10.1145/1964921.1964942},
	Bdsk-Url-2 = {http://dx.doi.org/10.1145/1964921.1964942}}

@article{Pamplona2009,
	Acmid = {1559763},
	Address = {New York, NY, USA},
	Articleno = {106},
	Author = {Pamplona, Vitor F. and Oliveira, Manuel M. and Baranoski, Gladimir V. G.},
	Date-Added = {2015-07-06 12:41:00 PM +0000},
	Date-Modified = {2015-07-06 12:41:24 PM +0000},
	Doi = {10.1145/1559755.1559763},
	Issn = {0730-0301},
	Issue_Date = {August 2009},
	Journal = {ACM Trans. Graph.},
	Keywords = {Face animation, image-based modelling, iris animation, photorealism, physiologically-based modelling},
	Month = {sep},
	Number = {4},
	Numpages = {12},
	Pages = {106:1--106:12},
	Publisher = {ACM},
	Title = {Photorealistic Models for Pupil Light Reflex and Iridal Pattern Deformation},
	Url = {http://doi.acm.org/10.1145/1559755.1559763},
	Volume = {28},
	Year = {2009},
	Bdsk-File-1 = {YnBsaXN0MDDUAQIDBAUGJCVYJHZlcnNpb25YJG9iamVjdHNZJGFyY2hpdmVyVCR0b3ASAAGGoKgHCBMUFRYaIVUkbnVsbNMJCgsMDxJXTlMua2V5c1pOUy5vYmplY3RzViRjbGFzc6INDoACgAOiEBGABIAFgAdccmVsYXRpdmVQYXRoWWFsaWFzRGF0YV8QGlBERl9GaWxlcy9QYW1wbG9uYTIwMDkucGRm0hcLGBlXTlMuZGF0YU8RAgwAAAAAAgwAAgAADE1hY2ludG9zaCBIRAAAAAAAAAAAAAAAAAAAANBsgdtIKwAAAMe+mBBQYW1wbG9uYTIwMDkucGRmAAAAAAAAAAAAAAAAAAAAAAAAAAAAAAAAAAAAAAAAAAAAAAAAAAAAAAAAAAAAAAAA3U+L0cAhCwAAAAAAAAAAAAEAAwAACSAAAAAAAAAAAAAAAAAAAAAJUERGX0ZpbGVzAAAQAAgAANBsnfsAAAARAAgAANHASzsAAAABACAAx76YAMe+jADHO+IAxzRaACCPbwARzTcABidZAAKTmgACAHJNYWNpbnRvc2ggSEQ6VXNlcnM6AG1hdGhldXNrcnVlZ2VyOgBEcm9wYm94OgBVRlJHUzoATVNjIFRoZXNpczoAX19UZXh0OgAwN19SZWZlcmVuY2VzOgBQREZfRmlsZXM6AFBhbXBsb25hMjAwOS5wZGYADgAiABAAUABhAG0AcABsAG8AbgBhADIAMAAwADkALgBwAGQAZgAPABoADABNAGEAYwBpAG4AdABvAHMAaAAgAEgARAASAF1Vc2Vycy9tYXRoZXVza3J1ZWdlci9Ecm9wYm94L1VGUkdTL01TYyBUaGVzaXMvX19UZXh0LzA3X1JlZmVyZW5jZXMvUERGX0ZpbGVzL1BhbXBsb25hMjAwOS5wZGYAABMAAS8AABUAAgAV//8AAIAG0hscHR5aJGNsYXNzbmFtZVgkY2xhc3Nlc11OU011dGFibGVEYXRhox0fIFZOU0RhdGFYTlNPYmplY3TSGxwiI1xOU0RpY3Rpb25hcnmiIiBfEA9OU0tleWVkQXJjaGl2ZXLRJidUcm9vdIABAAgAEQAaACMALQAyADcAQABGAE0AVQBgAGcAagBsAG4AcQBzAHUAdwCEAI4AqwCwALgCyALKAs8C2gLjAvEC9QL8AwUDCgMXAxoDLAMvAzQAAAAAAAACAQAAAAAAAAAoAAAAAAAAAAAAAAAAAAADNg==},
	Bdsk-Url-1 = {http://doi.acm.org/10.1145/1559755.1559763},
	Bdsk-Url-2 = {http://dx.doi.org/10.1145/1559755.1559763}}

@article{Machado2009,
	Author = {Machado, Gustavo M. and Oliveira, M.M. and Fernandes, Leandro A.F.},
	Date-Added = {2015-07-06 12:40:04 PM +0000},
	Date-Modified = {2015-07-06 12:40:13 PM +0000},
	Doi = {10.1109/TVCG.2009.113},
	Issn = {1077-2626},
	Journal = {Visualization and Computer Graphics, IEEE Transactions on},
	Keywords = {biology computing;data visualisation;image colour analysis;visual perception;anomalous trichromacy;color vision deficiency simulation;dichromacy;electrophysiological studies;human color vision;physiologically-based model;Biological cells;Data visualization;Electrophysiology;Feedback;Humans;Photoreceptors;Proteins;Retina;Testing;Anomalous Trichromacy;Color Perception;Dichromacy.;Models of Color Vision;Simulation of Color Vision Deficiency;Algorithms;Color;Color Vision Defects;Computer Simulation;Electrophysiology;Female;Humans;Male;Models, Biological;Reproducibility of Results;Visual Perception},
	Month = {Nov},
	Number = {6},
	Pages = {1291-1298},
	Title = {A Physiologically-based Model for Simulation of Color Vision Deficiency},
	Volume = {15},
	Year = {2009},
	Bdsk-Url-1 = {http://dx.doi.org/10.1109/TVCG.2009.113}}

@article{Montalto2015,
	Acmid = {2717307},
	Address = {New York, NY, USA},
	Articleno = {28},
	Author = {Montalto, Carlos and Garcia-Dorado, Ignacio and Aliaga, Daniel and Oliveira, Manuel M. and Meng, Feng},
	Date-Added = {2015-07-06 12:37:57 PM +0000},
	Date-Modified = {2015-07-06 12:38:15 PM +0000},
	Doi = {10.1145/2717307},
	Issn = {0730-0301},
	Issue_Date = {April 2015},
	Journal = {ACM Trans. Graph.},
	Keywords = {Displays, deconvolution, high contrast, image correction, sharpness, total variation},
	Month = {may},
	Number = {3},
	Numpages = {16},
	Pages = {28:1--28:16},
	Publisher = {ACM},
	Title = {A Total Variation Approach for Customizing Imagery to Improve Visual Acuity},
	Url = {http://doi.acm.org/10.1145/2717307},
	Volume = {34},
	Year = {2015},
	Bdsk-File-1 = {YnBsaXN0MDDUAQIDBAUGJCVYJHZlcnNpb25YJG9iamVjdHNZJGFyY2hpdmVyVCR0b3ASAAGGoKgHCBMUFRYaIVUkbnVsbNMJCgsMDxJXTlMua2V5c1pOUy5vYmplY3RzViRjbGFzc6INDoACgAOiEBGABIAFgAdccmVsYXRpdmVQYXRoWWFsaWFzRGF0YV8QGlBERl9GaWxlcy9Nb250YWx0bzIwMTUucGRm0hcLGBlXTlMuZGF0YU8RAgwAAAAAAgwAAgAADE1hY2ludG9zaCBIRAAAAAAAAAAAAAAAAAAAANBsgdtIKwAAAMe+mBBNb250YWx0bzIwMTUucGRmAAAAAAAAAAAAAAAAAAAAAAAAAAAAAAAAAAAAAAAAAAAAAAAAAAAAAAAAAAAAAAAA3VSX0cArOAAAAAAAAAAAAAEAAwAACSAAAAAAAAAAAAAAAAAAAAAJUERGX0ZpbGVzAAAQAAgAANBsnfsAAAARAAgAANHAVWgAAAABACAAx76YAMe+jADHO+IAxzRaACCPbwARzTcABidZAAKTmgACAHJNYWNpbnRvc2ggSEQ6VXNlcnM6AG1hdGhldXNrcnVlZ2VyOgBEcm9wYm94OgBVRlJHUzoATVNjIFRoZXNpczoAX19UZXh0OgAwN19SZWZlcmVuY2VzOgBQREZfRmlsZXM6AE1vbnRhbHRvMjAxNS5wZGYADgAiABAATQBvAG4AdABhAGwAdABvADIAMAAxADUALgBwAGQAZgAPABoADABNAGEAYwBpAG4AdABvAHMAaAAgAEgARAASAF1Vc2Vycy9tYXRoZXVza3J1ZWdlci9Ecm9wYm94L1VGUkdTL01TYyBUaGVzaXMvX19UZXh0LzA3X1JlZmVyZW5jZXMvUERGX0ZpbGVzL01vbnRhbHRvMjAxNS5wZGYAABMAAS8AABUAAgAV//8AAIAG0hscHR5aJGNsYXNzbmFtZVgkY2xhc3Nlc11OU011dGFibGVEYXRhox0fIFZOU0RhdGFYTlNPYmplY3TSGxwiI1xOU0RpY3Rpb25hcnmiIiBfEA9OU0tleWVkQXJjaGl2ZXLRJidUcm9vdIABAAgAEQAaACMALQAyADcAQABGAE0AVQBgAGcAagBsAG4AcQBzAHUAdwCEAI4AqwCwALgCyALKAs8C2gLjAvEC9QL8AwUDCgMXAxoDLAMvAzQAAAAAAAACAQAAAAAAAAAoAAAAAAAAAAAAAAAAAAADNg==},
	Bdsk-Url-1 = {http://doi.acm.org/10.1145/2717307},
	Bdsk-Url-2 = {http://dx.doi.org/10.1145/2717307}}

@article{Huang2014,
	Acmid = {2601122},
	Address = {New York, NY, USA},
	Articleno = {59},
	Author = {Huang, Fu-Chung and Wetzstein, Gordon and Barsky, Brian A. and Raskar, Ramesh},
	Date-Added = {2015-07-06 12:36:43 PM +0000},
	Date-Modified = {2015-07-06 12:36:56 PM +0000},
	Doi = {10.1145/2601097.2601122},
	Issn = {0730-0301},
	Issue_Date = {July 2014},
	Journal = {ACM Trans. Graph.},
	Keywords = {computational ophthalmology, displays, light fields},
	Month = jul,
	Number = {4},
	Numpages = {12},
	Pages = {59:1--59:12},
	Publisher = {ACM},
	Title = {Eyeglasses-free Display: Towards Correcting Visual Aberrations with Computational Light Field Displays},
	Url = {http://doi.acm.org/10.1145/2601097.2601122},
	Volume = {33},
	Year = {2014},
	Bdsk-File-1 = {YnBsaXN0MDDUAQIDBAUGJCVYJHZlcnNpb25YJG9iamVjdHNZJGFyY2hpdmVyVCR0b3ASAAGGoKgHCBMUFRYaIVUkbnVsbNMJCgsMDxJXTlMua2V5c1pOUy5vYmplY3RzViRjbGFzc6INDoACgAOiEBGABIAFgAdccmVsYXRpdmVQYXRoWWFsaWFzRGF0YV8QF1BERl9GaWxlcy9IdWFuZzIwMTQucGRm0hcLGBlXTlMuZGF0YU8RAgAAAAAAAgAAAgAADE1hY2ludG9zaCBIRAAAAAAAAAAAAAAAAAAAANBsgdtIKwAAAMe+mA1IdWFuZzIwMTQucGRmAAAAAAAAAAAAAAAAAAAAAAAAAAAAAAAAAAAAAAAAAAAAAAAAAAAAAAAAAAAAAAAAAAAA3VJn0cAjcgAAAAAAAAAAAAEAAwAACSAAAAAAAAAAAAAAAAAAAAAJUERGX0ZpbGVzAAAQAAgAANBsnfsAAAARAAgAANHATaIAAAABACAAx76YAMe+jADHO+IAxzRaACCPbwARzTcABidZAAKTmgACAG9NYWNpbnRvc2ggSEQ6VXNlcnM6AG1hdGhldXNrcnVlZ2VyOgBEcm9wYm94OgBVRlJHUzoATVNjIFRoZXNpczoAX19UZXh0OgAwN19SZWZlcmVuY2VzOgBQREZfRmlsZXM6AEh1YW5nMjAxNC5wZGYAAA4AHAANAEgAdQBhAG4AZwAyADAAMQA0AC4AcABkAGYADwAaAAwATQBhAGMAaQBuAHQAbwBzAGgAIABIAEQAEgBaVXNlcnMvbWF0aGV1c2tydWVnZXIvRHJvcGJveC9VRlJHUy9NU2MgVGhlc2lzL19fVGV4dC8wN19SZWZlcmVuY2VzL1BERl9GaWxlcy9IdWFuZzIwMTQucGRmABMAAS8AABUAAgAV//8AAIAG0hscHR5aJGNsYXNzbmFtZVgkY2xhc3Nlc11OU011dGFibGVEYXRhox0fIFZOU0RhdGFYTlNPYmplY3TSGxwiI1xOU0RpY3Rpb25hcnmiIiBfEA9OU0tleWVkQXJjaGl2ZXLRJidUcm9vdIABAAgAEQAaACMALQAyADcAQABGAE0AVQBgAGcAagBsAG4AcQBzAHUAdwCEAI4AqACtALUCuQK7AsACywLUAuIC5gLtAvYC+wMIAwsDHQMgAyUAAAAAAAACAQAAAAAAAAAoAAAAAAAAAAAAAAAAAAADJw==},
	Bdsk-Url-1 = {http://doi.acm.org/10.1145/2601097.2601122},
	Bdsk-Url-2 = {http://dx.doi.org/10.1145/2601097.2601122}}

@article{Huang2012,
	Acmid = {2366204},
	Address = {New York, NY, USA},
	Articleno = {185},
	Author = {Huang, Fu-Chung and Lanman, Douglas and Barsky, Brian A. and Raskar, Ramesh},
	Date-Added = {2015-07-06 12:35:08 PM +0000},
	Date-Modified = {2015-07-06 12:35:37 PM +0000},
	Doi = {10.1145/2366145.2366204},
	Issn = {0730-0301},
	Issue_Date = {November 2012},
	Journal = {ACM Trans. Graph.},
	Keywords = {assistive devices, deconvolution, light fields, multilayer displays, optical aberrations, pre-compensation, pre-filtering, tailored displays},
	Month = {nov},
	Number = {6},
	Numpages = {12},
	Pages = {185:1--185:12},
	Publisher = {ACM},
	Title = {Correcting for Optical Aberrations Using Multilayer Displays},
	Url = {http://doi.acm.org/10.1145/2366145.2366204},
	Volume = {31},
	Year = {2012},
	Bdsk-File-1 = {YnBsaXN0MDDUAQIDBAUGJCVYJHZlcnNpb25YJG9iamVjdHNZJGFyY2hpdmVyVCR0b3ASAAGGoKgHCBMUFRYaIVUkbnVsbNMJCgsMDxJXTlMua2V5c1pOUy5vYmplY3RzViRjbGFzc6INDoACgAOiEBGABIAFgAdccmVsYXRpdmVQYXRoWWFsaWFzRGF0YV8QF1BERl9GaWxlcy9IdWFuZzIwMTIucGRm0hcLGBlXTlMuZGF0YU8RAgAAAAAAAgAAAgAADE1hY2ludG9zaCBIRAAAAAAAAAAAAAAAAAAAANBsgdtIKwAAAMe+mA1IdWFuZzIwMTIucGRmAAAAAAAAAAAAAAAAAAAAAAAAAAAAAAAAAAAAAAAAAAAAAAAAAAAAAAAAAAAAAAAAAAAA3U2V0XkcoQAAAAAAAAAAAAEAAwAACSAAAAAAAAAAAAAAAAAAAAAJUERGX0ZpbGVzAAAQAAgAANBsnfsAAAARAAgAANF5RtEAAAABACAAx76YAMe+jADHO+IAxzRaACCPbwARzTcABidZAAKTmgACAG9NYWNpbnRvc2ggSEQ6VXNlcnM6AG1hdGhldXNrcnVlZ2VyOgBEcm9wYm94OgBVRlJHUzoATVNjIFRoZXNpczoAX19UZXh0OgAwN19SZWZlcmVuY2VzOgBQREZfRmlsZXM6AEh1YW5nMjAxMi5wZGYAAA4AHAANAEgAdQBhAG4AZwAyADAAMQAyAC4AcABkAGYADwAaAAwATQBhAGMAaQBuAHQAbwBzAGgAIABIAEQAEgBaVXNlcnMvbWF0aGV1c2tydWVnZXIvRHJvcGJveC9VRlJHUy9NU2MgVGhlc2lzL19fVGV4dC8wN19SZWZlcmVuY2VzL1BERl9GaWxlcy9IdWFuZzIwMTIucGRmABMAAS8AABUAAgAV//8AAIAG0hscHR5aJGNsYXNzbmFtZVgkY2xhc3Nlc11OU011dGFibGVEYXRhox0fIFZOU0RhdGFYTlNPYmplY3TSGxwiI1xOU0RpY3Rpb25hcnmiIiBfEA9OU0tleWVkQXJjaGl2ZXLRJidUcm9vdIABAAgAEQAaACMALQAyADcAQABGAE0AVQBgAGcAagBsAG4AcQBzAHUAdwCEAI4AqACtALUCuQK7AsACywLUAuIC5gLtAvYC+wMIAwsDHQMgAyUAAAAAAAACAQAAAAAAAAAoAAAAAAAAAAAAAAAAAAADJw==},
	Bdsk-Url-1 = {http://doi.acm.org/10.1145/2366145.2366204},
	Bdsk-Url-2 = {http://dx.doi.org/10.1145/2366145.2366204}}

@article{Pamplona2012b,
	Author = {Pamplona, Vitor F and Oliveira, Manuel M and Aliaga, Daniel G and Raskar, Ramesh},
	Date-Added = {2015-07-06 12:32:36 PM +0000},
	Date-Modified = {2015-07-06 12:33:15 PM +0000},
	Journal = {ACM Trans. Graph.},
	Number = {4},
	Pages = {81},
	Title = {Tailored displays to compensate for visual aberrations.},
	Volume = {31},
	Year = {2012},
	Bdsk-File-1 = {YnBsaXN0MDDUAQIDBAUGJCVYJHZlcnNpb25YJG9iamVjdHNZJGFyY2hpdmVyVCR0b3ASAAGGoKgHCBMUFRYaIVUkbnVsbNMJCgsMDxJXTlMua2V5c1pOUy5vYmplY3RzViRjbGFzc6INDoACgAOiEBGABIAFgAdccmVsYXRpdmVQYXRoWWFsaWFzRGF0YV8QG1BERl9GaWxlcy9QYW1wbG9uYTIwMTJiLnBkZtIXCxgZV05TLmRhdGFPEQIQAAAAAAIQAAIAAAxNYWNpbnRvc2ggSEQAAAAAAAAAAAAAAAAAAADQbIHbSCsAAADHvpgRUGFtcGxvbmEyMDEyYi5wZGYAAAAAAAAAAAAAAAAAAAAAAAAAAAAAAAAAAAAAAAAAAAAAAAAAAAAAAAAAAAAAAN1NSNGKT/4AAAAAAAAAAAABAAMAAAkgAAAAAAAAAAAAAAAAAAAACVBERl9GaWxlcwAAEAAIAADQbJ37AAAAEQAIAADRinouAAAAAQAgAMe+mADHvowAxzviAMc0WgAgj28AEc03AAYnWQACk5oAAgBzTWFjaW50b3NoIEhEOlVzZXJzOgBtYXRoZXVza3J1ZWdlcjoARHJvcGJveDoAVUZSR1M6AE1TYyBUaGVzaXM6AF9fVGV4dDoAMDdfUmVmZXJlbmNlczoAUERGX0ZpbGVzOgBQYW1wbG9uYTIwMTJiLnBkZgAADgAkABEAUABhAG0AcABsAG8AbgBhADIAMAAxADIAYgAuAHAAZABmAA8AGgAMAE0AYQBjAGkAbgB0AG8AcwBoACAASABEABIAXlVzZXJzL21hdGhldXNrcnVlZ2VyL0Ryb3Bib3gvVUZSR1MvTVNjIFRoZXNpcy9fX1RleHQvMDdfUmVmZXJlbmNlcy9QREZfRmlsZXMvUGFtcGxvbmEyMDEyYi5wZGYAEwABLwAAFQACABX//wAAgAbSGxwdHlokY2xhc3NuYW1lWCRjbGFzc2VzXU5TTXV0YWJsZURhdGGjHR8gVk5TRGF0YVhOU09iamVjdNIbHCIjXE5TRGljdGlvbmFyeaIiIF8QD05TS2V5ZWRBcmNoaXZlctEmJ1Ryb290gAEACAARABoAIwAtADIANwBAAEYATQBVAGAAZwBqAGwAbgBxAHMAdQB3AIQAjgCsALEAuQLNAs8C1ALfAugC9gL6AwEDCgMPAxwDHwMxAzQDOQAAAAAAAAIBAAAAAAAAACgAAAAAAAAAAAAAAAAAAAM7}}

@article{Ritschel2009,
	Author = {Ritschel, T. and Ihrke, M. and Frisvad, J. R. and Coppens, J. and Myszkowski, K. and Seidel, H.-P.},
	Date-Added = {2015-07-06 12:25:01 PM +0000},
	Date-Modified = {2015-07-06 12:25:18 PM +0000},
	Doi = {10.1111/j.1467-8659.2009.01357.x},
	Issn = {1467-8659},
	Journal = {Computer Graphics Forum},
	Keywords = {COMPUTER GRAPHICS [I.3.7]: Three-Dimensional Graphics and Realism, COMPUTER GRAPHICS [I.3.3]: Color, Shading, Shadowing and Texture},
	Number = {2},
	Pages = {183--192},
	Publisher = {Blackwell Publishing Ltd},
	Title = {Temporal Glare: Real-Time Dynamic Simulation of the Scattering in the Human Eye},
	Url = {http://dx.doi.org/10.1111/j.1467-8659.2009.01357.x},
	Volume = {28},
	Year = {2009},
	Bdsk-File-1 = {YnBsaXN0MDDUAQIDBAUGJCVYJHZlcnNpb25YJG9iamVjdHNZJGFyY2hpdmVyVCR0b3ASAAGGoKgHCBMUFRYaIVUkbnVsbNMJCgsMDxJXTlMua2V5c1pOUy5vYmplY3RzViRjbGFzc6INDoACgAOiEBGABIAFgAdccmVsYXRpdmVQYXRoWWFsaWFzRGF0YV8QGlBERl9GaWxlcy9SaXRzY2hlbDIwMDkucGRm0hcLGBlXTlMuZGF0YU8RAgwAAAAAAgwAAgAADE1hY2ludG9zaCBIRAAAAAAAAAAAAAAAAAAAANBsgdtIKwAAAMe+mBBSaXRzY2hlbDIwMDkucGRmAAAAAAAAAAAAAAAAAAAAAAAAAAAAAAAAAAAAAAAAAAAAAAAAAAAAAAAAAAAAAAAA3UyR0Xj8ZwAAAAAAAAAAAAEAAwAACSAAAAAAAAAAAAAAAAAAAAAJUERGX0ZpbGVzAAAQAAgAANBsnfsAAAARAAgAANF5JpcAAAABACAAx76YAMe+jADHO+IAxzRaACCPbwARzTcABidZAAKTmgACAHJNYWNpbnRvc2ggSEQ6VXNlcnM6AG1hdGhldXNrcnVlZ2VyOgBEcm9wYm94OgBVRlJHUzoATVNjIFRoZXNpczoAX19UZXh0OgAwN19SZWZlcmVuY2VzOgBQREZfRmlsZXM6AFJpdHNjaGVsMjAwOS5wZGYADgAiABAAUgBpAHQAcwBjAGgAZQBsADIAMAAwADkALgBwAGQAZgAPABoADABNAGEAYwBpAG4AdABvAHMAaAAgAEgARAASAF1Vc2Vycy9tYXRoZXVza3J1ZWdlci9Ecm9wYm94L1VGUkdTL01TYyBUaGVzaXMvX19UZXh0LzA3X1JlZmVyZW5jZXMvUERGX0ZpbGVzL1JpdHNjaGVsMjAwOS5wZGYAABMAAS8AABUAAgAV//8AAIAG0hscHR5aJGNsYXNzbmFtZVgkY2xhc3Nlc11OU011dGFibGVEYXRhox0fIFZOU0RhdGFYTlNPYmplY3TSGxwiI1xOU0RpY3Rpb25hcnmiIiBfEA9OU0tleWVkQXJjaGl2ZXLRJidUcm9vdIABAAgAEQAaACMALQAyADcAQABGAE0AVQBgAGcAagBsAG4AcQBzAHUAdwCEAI4AqwCwALgCyALKAs8C2gLjAvEC9QL8AwUDCgMXAxoDLAMvAzQAAAAAAAACAQAAAAAAAAAoAAAAAAAAAAAAAAAAAAADNg==},
	Bdsk-Url-1 = {http://dx.doi.org/10.1111/j.1467-8659.2009.01357.x}}

@article{Deering2005,
	Acmid = {1073243},
	Address = {New York, NY, USA},
	Author = {Deering, Michael F.},
	Date-Added = {2015-07-06 12:22:40 PM +0000},
	Date-Modified = {2015-07-06 12:23:04 PM +0000},
	Doi = {10.1145/1073204.1073243},
	Issn = {0730-0301},
	Issue_Date = {July 2005},
	Journal = {ACM Trans. Graph.},
	Keywords = {display devices, eye models, human eye cone models, schematic eyes, synthesized retina},
	Month = {jul},
	Number = {3},
	Numpages = {10},
	Pages = {649--658},
	Publisher = {ACM},
	Title = {A Photon Accurate Model of the Human Eye},
	Url = {http://doi.acm.org/10.1145/1073204.1073243},
	Volume = {24},
	Year = {2005},
	Bdsk-File-1 = {YnBsaXN0MDDUAQIDBAUGJCVYJHZlcnNpb25YJG9iamVjdHNZJGFyY2hpdmVyVCR0b3ASAAGGoKgHCBMUFRYaIVUkbnVsbNMJCgsMDxJXTlMua2V5c1pOUy5vYmplY3RzViRjbGFzc6INDoACgAOiEBGABIAFgAdccmVsYXRpdmVQYXRoWWFsaWFzRGF0YV8QGVBERl9GaWxlcy9EZWVyaW5nMjAwNS5wZGbSFwsYGVdOUy5kYXRhTxECCAAAAAACCAACAAAMTWFjaW50b3NoIEhEAAAAAAAAAAAAAAAAAAAA0GyB20grAAAAx76YD0RlZXJpbmcyMDA1LnBkZgAAAAAAAAAAAAAAAAAAAAAAAAAAAAAAAAAAAAAAAAAAAAAAAAAAAAAAAAAAAAAAAADdS4fRePxnAAAAAAAAAAAAAQADAAAJIAAAAAAAAAAAAAAAAAAAAAlQREZfRmlsZXMAABAACAAA0Gyd+wAAABEACAAA0XkmlwAAAAEAIADHvpgAx76MAMc74gDHNFoAII9vABHNNwAGJ1kAApOaAAIAcU1hY2ludG9zaCBIRDpVc2VyczoAbWF0aGV1c2tydWVnZXI6AERyb3Bib3g6AFVGUkdTOgBNU2MgVGhlc2lzOgBfX1RleHQ6ADA3X1JlZmVyZW5jZXM6AFBERl9GaWxlczoARGVlcmluZzIwMDUucGRmAAAOACAADwBEAGUAZQByAGkAbgBnADIAMAAwADUALgBwAGQAZgAPABoADABNAGEAYwBpAG4AdABvAHMAaAAgAEgARAASAFxVc2Vycy9tYXRoZXVza3J1ZWdlci9Ecm9wYm94L1VGUkdTL01TYyBUaGVzaXMvX19UZXh0LzA3X1JlZmVyZW5jZXMvUERGX0ZpbGVzL0RlZXJpbmcyMDA1LnBkZgATAAEvAAAVAAIAFf//AACABtIbHB0eWiRjbGFzc25hbWVYJGNsYXNzZXNdTlNNdXRhYmxlRGF0YaMdHyBWTlNEYXRhWE5TT2JqZWN00hscIiNcTlNEaWN0aW9uYXJ5oiIgXxAPTlNLZXllZEFyY2hpdmVy0SYnVHJvb3SAAQAIABEAGgAjAC0AMgA3AEAARgBNAFUAYABnAGoAbABuAHEAcwB1AHcAhACOAKoArwC3AsMCxQLKAtUC3gLsAvAC9wMAAwUDEgMVAycDKgMvAAAAAAAAAgEAAAAAAAAAKAAAAAAAAAAAAAAAAAAAAzE=},
	Bdsk-Url-1 = {http://doi.acm.org/10.1145/1073204.1073243},
	Bdsk-Url-2 = {http://dx.doi.org/10.1145/1073204.1073243}}

@unpublished{Glytsis2014,
	Author = {Elias N. Glytsis},
	Date-Added = {2015-07-03 1:56:31 PM +0000},
	Date-Modified = {2015-07-03 1:57:59 PM +0000},
	Month = {May},
	Note = {Class Note},
	Title = {Example of a Simple Optical System},
	Year = {2014},
	Bdsk-File-1 = {YnBsaXN0MDDUAQIDBAUGJCVYJHZlcnNpb25YJG9iamVjdHNZJGFyY2hpdmVyVCR0b3ASAAGGoKgHCBMUFRYaIVUkbnVsbNMJCgsMDxJXTlMua2V5c1pOUy5vYmplY3RzViRjbGFzc6INDoACgAOiEBGABIAFgAdccmVsYXRpdmVQYXRoWWFsaWFzRGF0YV8QGVBERl9GaWxlcy9HbHl0c2lzMjAxNC5wZGbSFwsYGVdOUy5kYXRhTxECCAAAAAACCAACAAAMTWFjaW50b3NoIEhEAAAAAAAAAAAAAAAAAAAA0GyB20grAAAAx76YD0dseXRzaXMyMDE0LnBkZgAAAAAAAAAAAAAAAAAAAAAAAAAAAAAAAAAAAAAAAAAAAAAAAAAAAAAAAAAAAAAAAADXDSXRvBtPAAAAAAAAAAAAAQADAAAJIAAAAAAAAAAAAAAAAAAAAAlQREZfRmlsZXMAABAACAAA0Gyd+wAAABEACAAA0bxFfwAAAAEAIADHvpgAx76MAMc74gDHNFoAII9vABHNNwAGJ1kAApOaAAIAcU1hY2ludG9zaCBIRDpVc2VyczoAbWF0aGV1c2tydWVnZXI6AERyb3Bib3g6AFVGUkdTOgBNU2MgVGhlc2lzOgBfX1RleHQ6ADA3X1JlZmVyZW5jZXM6AFBERl9GaWxlczoAR2x5dHNpczIwMTQucGRmAAAOACAADwBHAGwAeQB0AHMAaQBzADIAMAAxADQALgBwAGQAZgAPABoADABNAGEAYwBpAG4AdABvAHMAaAAgAEgARAASAFxVc2Vycy9tYXRoZXVza3J1ZWdlci9Ecm9wYm94L1VGUkdTL01TYyBUaGVzaXMvX19UZXh0LzA3X1JlZmVyZW5jZXMvUERGX0ZpbGVzL0dseXRzaXMyMDE0LnBkZgATAAEvAAAVAAIAFf//AACABtIbHB0eWiRjbGFzc25hbWVYJGNsYXNzZXNdTlNNdXRhYmxlRGF0YaMdHyBWTlNEYXRhWE5TT2JqZWN00hscIiNcTlNEaWN0aW9uYXJ5oiIgXxAPTlNLZXllZEFyY2hpdmVy0SYnVHJvb3SAAQAIABEAGgAjAC0AMgA3AEAARgBNAFUAYABnAGoAbABuAHEAcwB1AHcAhACOAKoArwC3AsMCxQLKAtUC3gLsAvAC9wMAAwUDEgMVAycDKgMvAAAAAAAAAgEAAAAAAAAAKAAAAAAAAAAAAAAAAAAAAzE=}}

@book{Goodman2005,
	Address = {Englewood},
	Author = {Goodman, Joseph W},
	Date-Added = {2015-07-03 5:30:13 AM +0000},
	Date-Modified = {2015-07-03 5:35:52 AM +0000},
	Edition = {3},
	Publisher = {Roberts and Company Publishers},
	Title = {Introduction to Fourier optics},
	Year = {2005},
	Bdsk-File-1 = {YnBsaXN0MDDUAQIDBAUGJCVYJHZlcnNpb25YJG9iamVjdHNZJGFyY2hpdmVyVCR0b3ASAAGGoKgHCBMUFRYaIVUkbnVsbNMJCgsMDxJXTlMua2V5c1pOUy5vYmplY3RzViRjbGFzc6INDoACgAOiEBGABIAFgAdccmVsYXRpdmVQYXRoWWFsaWFzRGF0YV8QGVBERl9GaWxlcy9Hb29kbWFuMjAwNS5wZGbSFwsYGVdOUy5kYXRhTxECCAAAAAACCAACAAAMTWFjaW50b3NoIEhEAAAAAAAAAAAAAAAAAAAA0GyB20grAAAAx76YD0dvb2RtYW4yMDA1LnBkZgAAAAAAAAAAAAAAAAAAAAAAAAAAAAAAAAAAAAAAAAAAAAAAAAAAAAAAAAAAAAAAAADW3jrRu6adAAAAAAAAAAAAAQADAAAJIAAAAAAAAAAAAAAAAAAAAAlQREZfRmlsZXMAABAACAAA0Gyd+wAAABEACAAA0bvQzQAAAAEAIADHvpgAx76MAMc74gDHNFoAII9vABHNNwAGJ1kAApOaAAIAcU1hY2ludG9zaCBIRDpVc2VyczoAbWF0aGV1c2tydWVnZXI6AERyb3Bib3g6AFVGUkdTOgBNU2MgVGhlc2lzOgBfX1RleHQ6ADA3X1JlZmVyZW5jZXM6AFBERl9GaWxlczoAR29vZG1hbjIwMDUucGRmAAAOACAADwBHAG8AbwBkAG0AYQBuADIAMAAwADUALgBwAGQAZgAPABoADABNAGEAYwBpAG4AdABvAHMAaAAgAEgARAASAFxVc2Vycy9tYXRoZXVza3J1ZWdlci9Ecm9wYm94L1VGUkdTL01TYyBUaGVzaXMvX19UZXh0LzA3X1JlZmVyZW5jZXMvUERGX0ZpbGVzL0dvb2RtYW4yMDA1LnBkZgATAAEvAAAVAAIAFf//AACABtIbHB0eWiRjbGFzc25hbWVYJGNsYXNzZXNdTlNNdXRhYmxlRGF0YaMdHyBWTlNEYXRhWE5TT2JqZWN00hscIiNcTlNEaWN0aW9uYXJ5oiIgXxAPTlNLZXllZEFyY2hpdmVy0SYnVHJvb3SAAQAIABEAGgAjAC0AMgA3AEAARgBNAFUAYABnAGoAbABuAHEAcwB1AHcAhACOAKoArwC3AsMCxQLKAtUC3gLsAvAC9wMAAwUDEgMVAycDKgMvAAAAAAAAAgEAAAAAAAAAKAAAAAAAAAAAAAAAAAAAAzE=}}

@book{Dai2008,
	Address = {Bellingham, Washington USA},
	Author = {Dai, Guang-ming},
	Date-Added = {2015-07-03 1:55:55 AM +0000},
	Date-Modified = {2015-07-03 1:57:48 AM +0000},
	Publisher = {SPIE PRESS},
	Title = {Wavefront Optics for Vision Correction},
	Year = {2008},
	Bdsk-File-1 = {YnBsaXN0MDDUAQIDBAUGJCVYJHZlcnNpb25YJG9iamVjdHNZJGFyY2hpdmVyVCR0b3ASAAGGoKgHCBMUFRYaIVUkbnVsbNMJCgsMDxJXTlMua2V5c1pOUy5vYmplY3RzViRjbGFzc6INDoACgAOiEBGABIAFgAdccmVsYXRpdmVQYXRoWWFsaWFzRGF0YV8QFVBERl9GaWxlcy9EYWkyMDA4LnBkZtIXCxgZV05TLmRhdGFPEQH4AAAAAAH4AAIAAAxNYWNpbnRvc2ggSEQAAAAAAAAAAAAAAAAAAADQbIHbSCsAAADHvpgLRGFpMjAwOC5wZGYAAAAAAAAAAAAAAAAAAAAAAAAAAAAAAAAAAAAAAAAAAAAAAAAAAAAAAAAAAAAAAAAAAAAAANahi9EjqOgAAAAAAAAAAAABAAMAAAkgAAAAAAAAAAAAAAAAAAAACVBERl9GaWxlcwAAEAAIAADQbJ37AAAAEQAIAADRI9MYAAAAAQAgAMe+mADHvowAxzviAMc0WgAgj28AEc03AAYnWQACk5oAAgBtTWFjaW50b3NoIEhEOlVzZXJzOgBtYXRoZXVza3J1ZWdlcjoARHJvcGJveDoAVUZSR1M6AE1TYyBUaGVzaXM6AF9fVGV4dDoAMDdfUmVmZXJlbmNlczoAUERGX0ZpbGVzOgBEYWkyMDA4LnBkZgAADgAYAAsARABhAGkAMgAwADAAOAAuAHAAZABmAA8AGgAMAE0AYQBjAGkAbgB0AG8AcwBoACAASABEABIAWFVzZXJzL21hdGhldXNrcnVlZ2VyL0Ryb3Bib3gvVUZSR1MvTVNjIFRoZXNpcy9fX1RleHQvMDdfUmVmZXJlbmNlcy9QREZfRmlsZXMvRGFpMjAwOC5wZGYAEwABLwAAFQACABX//wAAgAbSGxwdHlokY2xhc3NuYW1lWCRjbGFzc2VzXU5TTXV0YWJsZURhdGGjHR8gVk5TRGF0YVhOU09iamVjdNIbHCIjXE5TRGljdGlvbmFyeaIiIF8QD05TS2V5ZWRBcmNoaXZlctEmJ1Ryb290gAEACAARABoAIwAtADIANwBAAEYATQBVAGAAZwBqAGwAbgBxAHMAdQB3AIQAjgCmAKsAswKvArECtgLBAsoC2ALcAuMC7ALxAv4DAQMTAxYDGwAAAAAAAAIBAAAAAAAAACgAAAAAAAAAAAAAAAAAAAMd}}

@inproceedings{Pelli1988,
	Author = {Pelli, DG and Robson, JG and others},
	Booktitle = {Clinical Vision Sciences},
	Date-Added = {2015-07-02 7:05:08 PM +0000},
	Date-Modified = {2015-07-02 7:09:21 PM +0000},
	Publisher = {Raphael's Ltd, London},
	Title = {The design of a new letter chart for measuring contrast sensitivity},
	Year = {1988},
	Bdsk-File-1 = {YnBsaXN0MDDUAQIDBAUGJCVYJHZlcnNpb25YJG9iamVjdHNZJGFyY2hpdmVyVCR0b3ASAAGGoKgHCBMUFRYaIVUkbnVsbNMJCgsMDxJXTlMua2V5c1pOUy5vYmplY3RzViRjbGFzc6INDoACgAOiEBGABIAFgAdccmVsYXRpdmVQYXRoWWFsaWFzRGF0YV8QF1BERl9GaWxlcy9QZWxsaTE5ODgucGRm0hcLGBlXTlMuZGF0YU8RAgAAAAAAAgAAAgAADE1hY2ludG9zaCBIRAAAAAAAAAAAAAAAAAAAANBsgdtIKwAAAMe+mA1QZWxsaTE5ODgucGRmAAAAAAAAAAAAAAAAAAAAAAAAAAAAAAAAAAAAAAAAAAAAAAAAAAAAAAAAAAAAAAAAAAAA1jpP0bsRngAAAAAAAAAAAAEAAwAACSAAAAAAAAAAAAAAAAAAAAAJUERGX0ZpbGVzAAAQAAgAANBsnfsAAAARAAgAANG7O84AAAABACAAx76YAMe+jADHO+IAxzRaACCPbwARzTcABidZAAKTmgACAG9NYWNpbnRvc2ggSEQ6VXNlcnM6AG1hdGhldXNrcnVlZ2VyOgBEcm9wYm94OgBVRlJHUzoATVNjIFRoZXNpczoAX19UZXh0OgAwN19SZWZlcmVuY2VzOgBQREZfRmlsZXM6AFBlbGxpMTk4OC5wZGYAAA4AHAANAFAAZQBsAGwAaQAxADkAOAA4AC4AcABkAGYADwAaAAwATQBhAGMAaQBuAHQAbwBzAGgAIABIAEQAEgBaVXNlcnMvbWF0aGV1c2tydWVnZXIvRHJvcGJveC9VRlJHUy9NU2MgVGhlc2lzL19fVGV4dC8wN19SZWZlcmVuY2VzL1BERl9GaWxlcy9QZWxsaTE5ODgucGRmABMAAS8AABUAAgAV//8AAIAG0hscHR5aJGNsYXNzbmFtZVgkY2xhc3Nlc11OU011dGFibGVEYXRhox0fIFZOU0RhdGFYTlNPYmplY3TSGxwiI1xOU0RpY3Rpb25hcnmiIiBfEA9OU0tleWVkQXJjaGl2ZXLRJidUcm9vdIABAAgAEQAaACMALQAyADcAQABGAE0AVQBgAGcAagBsAG4AcQBzAHUAdwCEAI4AqACtALUCuQK7AsACywLUAuIC5gLtAvYC+wMIAwsDHQMgAyUAAAAAAAACAQAAAAAAAAAoAAAAAAAAAAAAAAAAAAADJw==}}

@book{Mollon2003,
	Address = {Oxford, UK},
	Author = {Mollon, JD},
	Date-Added = {2015-07-02 5:29:00 PM +0000},
	Date-Modified = {2015-07-02 5:32:50 PM +0000},
	Edition = {2},
	Publisher = {Elsevier},
	Title = {The origins of modern color science},
	Year = {2003},
	Bdsk-File-1 = {YnBsaXN0MDDUAQIDBAUGJCVYJHZlcnNpb25YJG9iamVjdHNZJGFyY2hpdmVyVCR0b3ASAAGGoKgHCBMUFRYaIVUkbnVsbNMJCgsMDxJXTlMua2V5c1pOUy5vYmplY3RzViRjbGFzc6INDoACgAOiEBGABIAFgAdccmVsYXRpdmVQYXRoWWFsaWFzRGF0YV8QGFBERl9GaWxlcy9Nb2xsb24yMDAzLnBkZtIXCxgZV05TLmRhdGFPEQIEAAAAAAIEAAIAAAxNYWNpbnRvc2ggSEQAAAAAAAAAAAAAAAAAAADQbIHbSCsAAADHvpgOTW9sbG9uMjAwMy5wZGYAAAAAAAAAAAAAAAAAAAAAAAAAAAAAAAAAAAAAAAAAAAAAAAAAAAAAAAAAAAAAAAAAANYmHNG6/i8AAAAAAAAAAAABAAMAAAkgAAAAAAAAAAAAAAAAAAAACVBERl9GaWxlcwAAEAAIAADQbJ37AAAAEQAIAADRuyhfAAAAAQAgAMe+mADHvowAxzviAMc0WgAgj28AEc03AAYnWQACk5oAAgBwTWFjaW50b3NoIEhEOlVzZXJzOgBtYXRoZXVza3J1ZWdlcjoARHJvcGJveDoAVUZSR1M6AE1TYyBUaGVzaXM6AF9fVGV4dDoAMDdfUmVmZXJlbmNlczoAUERGX0ZpbGVzOgBNb2xsb24yMDAzLnBkZgAOAB4ADgBNAG8AbABsAG8AbgAyADAAMAAzAC4AcABkAGYADwAaAAwATQBhAGMAaQBuAHQAbwBzAGgAIABIAEQAEgBbVXNlcnMvbWF0aGV1c2tydWVnZXIvRHJvcGJveC9VRlJHUy9NU2MgVGhlc2lzL19fVGV4dC8wN19SZWZlcmVuY2VzL1BERl9GaWxlcy9Nb2xsb24yMDAzLnBkZgAAEwABLwAAFQACABX//wAAgAbSGxwdHlokY2xhc3NuYW1lWCRjbGFzc2VzXU5TTXV0YWJsZURhdGGjHR8gVk5TRGF0YVhOU09iamVjdNIbHCIjXE5TRGljdGlvbmFyeaIiIF8QD05TS2V5ZWRBcmNoaXZlctEmJ1Ryb290gAEACAARABoAIwAtADIANwBAAEYATQBVAGAAZwBqAGwAbgBxAHMAdQB3AIQAjgCpAK4AtgK+AsACxQLQAtkC5wLrAvIC+wMAAw0DEAMiAyUDKgAAAAAAAAIBAAAAAAAAACgAAAAAAAAAAAAAAAAAAAMs}}

@article{Thibos2002,
	Author = {Thibos, Larry N and Applegate, Raymond A and Schwiegerling, James T and Webb, Robert and others},
	Date-Added = {2015-07-01 5:47:54 PM +0000},
	Date-Modified = {2015-07-01 5:48:07 PM +0000},
	Journal = {Journal of refractive surgery},
	Number = {5},
	Pages = {S652--S660},
	Publisher = {Slack Incorporated},
	Title = {Standards for reporting the optical aberrations of eyes},
	Volume = {18},
	Year = {2002},
	Bdsk-File-1 = {YnBsaXN0MDDUAQIDBAUGJCVYJHZlcnNpb25YJG9iamVjdHNZJGFyY2hpdmVyVCR0b3ASAAGGoKgHCBMUFRYaIVUkbnVsbNMJCgsMDxJXTlMua2V5c1pOUy5vYmplY3RzViRjbGFzc6INDoACgAOiEBGABIAFgAdccmVsYXRpdmVQYXRoWWFsaWFzRGF0YV8QGFBERl9GaWxlcy9UaGlib3MyMDAyLnBkZtIXCxgZV05TLmRhdGFPEQIEAAAAAAIEAAIAAAxNYWNpbnRvc2ggSEQAAAAAAAAAAAAAAAAAAADQbIHbSCsAAADHvpgOVGhpYm9zMjAwMi5wZGYAAAAAAAAAAAAAAAAAAAAAAAAAAAAAAAAAAAAAAAAAAAAAAAAAAAAAAAAAAAAAAAAAANXZh9G5rjUAAAAAAAAAAAABAAMAAAkgAAAAAAAAAAAAAAAAAAAACVBERl9GaWxlcwAAEAAIAADQbJ37AAAAEQAIAADRudhlAAAAAQAgAMe+mADHvowAxzviAMc0WgAgj28AEc03AAYnWQACk5oAAgBwTWFjaW50b3NoIEhEOlVzZXJzOgBtYXRoZXVza3J1ZWdlcjoARHJvcGJveDoAVUZSR1M6AE1TYyBUaGVzaXM6AF9fVGV4dDoAMDdfUmVmZXJlbmNlczoAUERGX0ZpbGVzOgBUaGlib3MyMDAyLnBkZgAOAB4ADgBUAGgAaQBiAG8AcwAyADAAMAAyAC4AcABkAGYADwAaAAwATQBhAGMAaQBuAHQAbwBzAGgAIABIAEQAEgBbVXNlcnMvbWF0aGV1c2tydWVnZXIvRHJvcGJveC9VRlJHUy9NU2MgVGhlc2lzL19fVGV4dC8wN19SZWZlcmVuY2VzL1BERl9GaWxlcy9UaGlib3MyMDAyLnBkZgAAEwABLwAAFQACABX//wAAgAbSGxwdHlokY2xhc3NuYW1lWCRjbGFzc2VzXU5TTXV0YWJsZURhdGGjHR8gVk5TRGF0YVhOU09iamVjdNIbHCIjXE5TRGljdGlvbmFyeaIiIF8QD05TS2V5ZWRBcmNoaXZlctEmJ1Ryb290gAEACAARABoAIwAtADIANwBAAEYATQBVAGAAZwBqAGwAbgBxAHMAdQB3AIQAjgCpAK4AtgK+AsACxQLQAtkC5wLrAvIC+wMAAw0DEAMiAyUDKgAAAAAAAAIBAAAAAAAAACgAAAAAAAAAAAAAAAAAAAMs}}

@phdthesis{Pamplona2012,
	Author = {Pamplona, Vitor F.},
	Date-Added = {2015-07-01 5:25:57 PM +0000},
	Date-Modified = {2015-07-01 5:26:38 PM +0000},
	School = {UFRGS},
	Title = {Interactive Measurements and Tailored Displays for Optical Aberrations of the Human Eye},
	Year = {2012},
	Bdsk-File-1 = {YnBsaXN0MDDUAQIDBAUGJCVYJHZlcnNpb25YJG9iamVjdHNZJGFyY2hpdmVyVCR0b3ASAAGGoKgHCBMUFRYaIVUkbnVsbNMJCgsMDxJXTlMua2V5c1pOUy5vYmplY3RzViRjbGFzc6INDoACgAOiEBGABIAFgAdccmVsYXRpdmVQYXRoWWFsaWFzRGF0YV8QGlBERl9GaWxlcy9QYW1wbG9uYTIwMTIucGRm0hcLGBlXTlMuZGF0YU8RAgwAAAAAAgwAAgAADE1hY2ludG9zaCBIRAAAAAAAAAAAAAAAAAAAANBsgdtIKwAAAMe+mBBQYW1wbG9uYTIwMTIucGRmAAAAAAAAAAAAAAAAAAAAAAAAAAAAAAAAAAAAAAAAAAAAAAAAAAAAAAAAAAAAAAAA1dWZ0YjSBQAAAAAAAAAAAAEAAwAACSAAAAAAAAAAAAAAAAAAAAAJUERGX0ZpbGVzAAAQAAgAANBsnfsAAAARAAgAANGI/DUAAAABACAAx76YAMe+jADHO+IAxzRaACCPbwARzTcABidZAAKTmgACAHJNYWNpbnRvc2ggSEQ6VXNlcnM6AG1hdGhldXNrcnVlZ2VyOgBEcm9wYm94OgBVRlJHUzoATVNjIFRoZXNpczoAX19UZXh0OgAwN19SZWZlcmVuY2VzOgBQREZfRmlsZXM6AFBhbXBsb25hMjAxMi5wZGYADgAiABAAUABhAG0AcABsAG8AbgBhADIAMAAxADIALgBwAGQAZgAPABoADABNAGEAYwBpAG4AdABvAHMAaAAgAEgARAASAF1Vc2Vycy9tYXRoZXVza3J1ZWdlci9Ecm9wYm94L1VGUkdTL01TYyBUaGVzaXMvX19UZXh0LzA3X1JlZmVyZW5jZXMvUERGX0ZpbGVzL1BhbXBsb25hMjAxMi5wZGYAABMAAS8AABUAAgAV//8AAIAG0hscHR5aJGNsYXNzbmFtZVgkY2xhc3Nlc11OU011dGFibGVEYXRhox0fIFZOU0RhdGFYTlNPYmplY3TSGxwiI1xOU0RpY3Rpb25hcnmiIiBfEA9OU0tleWVkQXJjaGl2ZXLRJidUcm9vdIABAAgAEQAaACMALQAyADcAQABGAE0AVQBgAGcAagBsAG4AcQBzAHUAdwCEAI4AqwCwALgCyALKAs8C2gLjAvEC9QL8AwUDCgMXAxoDLAMvAzQAAAAAAAACAQAAAAAAAAAoAAAAAAAAAAAAAAAAAAADNg==}}

@techreport{Who2007,
	Author = {WHO},
	Date-Added = {2015-07-01 5:06:59 PM +0000},
	Date-Modified = {2015-07-01 5:12:36 PM +0000},
	Institution = {World Health Organization},
	Title = {Global Initiative for thw Elimination of Avoidable Blindness: action plan 2006-2011},
	Year = {2007},
	Bdsk-File-1 = {YnBsaXN0MDDUAQIDBAUGJCVYJHZlcnNpb25YJG9iamVjdHNZJGFyY2hpdmVyVCR0b3ASAAGGoKgHCBMUFRYaIVUkbnVsbNMJCgsMDxJXTlMua2V5c1pOUy5vYmplY3RzViRjbGFzc6INDoACgAOiEBGABIAFgAdccmVsYXRpdmVQYXRoWWFsaWFzRGF0YV8QFVBERl9GaWxlcy9XaG8yMDA3LnBkZtIXCxgZV05TLmRhdGFPEQH4AAAAAAH4AAIAAAxNYWNpbnRvc2ggSEQAAAAAAAAAAAAAAAAAAADQbIHbSCsAAADHvpgLV2hvMjAwNy5wZGYAAAAAAAAAAAAAAAAAAAAAAAAAAAAAAAAAAAAAAAAAAAAAAAAAAAAAAAAAAAAAAAAAAAAAANXRutG5pVcAAAAAAAAAAAABAAMAAAkgAAAAAAAAAAAAAAAAAAAACVBERl9GaWxlcwAAEAAIAADQbJ37AAAAEQAIAADRuc+HAAAAAQAgAMe+mADHvowAxzviAMc0WgAgj28AEc03AAYnWQACk5oAAgBtTWFjaW50b3NoIEhEOlVzZXJzOgBtYXRoZXVza3J1ZWdlcjoARHJvcGJveDoAVUZSR1M6AE1TYyBUaGVzaXM6AF9fVGV4dDoAMDdfUmVmZXJlbmNlczoAUERGX0ZpbGVzOgBXaG8yMDA3LnBkZgAADgAYAAsAVwBoAG8AMgAwADAANwAuAHAAZABmAA8AGgAMAE0AYQBjAGkAbgB0AG8AcwBoACAASABEABIAWFVzZXJzL21hdGhldXNrcnVlZ2VyL0Ryb3Bib3gvVUZSR1MvTVNjIFRoZXNpcy9fX1RleHQvMDdfUmVmZXJlbmNlcy9QREZfRmlsZXMvV2hvMjAwNy5wZGYAEwABLwAAFQACABX//wAAgAbSGxwdHlokY2xhc3NuYW1lWCRjbGFzc2VzXU5TTXV0YWJsZURhdGGjHR8gVk5TRGF0YVhOU09iamVjdNIbHCIjXE5TRGljdGlvbmFyeaIiIF8QD05TS2V5ZWRBcmNoaXZlctEmJ1Ryb290gAEACAARABoAIwAtADIANwBAAEYATQBVAGAAZwBqAGwAbgBxAHMAdQB3AIQAjgCmAKsAswKvArECtgLBAsoC2ALcAuMC7ALxAv4DAQMTAxYDGwAAAAAAAAIBAAAAAAAAACgAAAAAAAAAAAAAAAAAAAMd}}

@book{Yoder2011,
	Author = {Paul R. Yoder and Daniel Vukobratovich},
	Date-Added = {2015-07-01 12:42:12 AM +0000},
	Date-Modified = {2015-07-01 12:43:44 AM +0000},
	Publisher = {SPIE press Bellingham, WA},
	Series = {SPIE Field Guides},
	Title = {Field Guide to Binoculars and Scopes},
	Volume = {FG19},
	Year = {2011},
	Bdsk-File-1 = {YnBsaXN0MDDUAQIDBAUGJCVYJHZlcnNpb25YJG9iamVjdHNZJGFyY2hpdmVyVCR0b3ASAAGGoKgHCBMUFRYaIVUkbnVsbNMJCgsMDxJXTlMua2V5c1pOUy5vYmplY3RzViRjbGFzc6INDoACgAOiEBGABIAFgAdccmVsYXRpdmVQYXRoWWFsaWFzRGF0YV8QF1BERl9GaWxlcy9Zb2RlcjIwMTEucGRm0hcLGBlXTlMuZGF0YU8RAgAAAAAAAgAAAgAADE1hY2ludG9zaCBIRAAAAAAAAAAAAAAAAAAAANBsgdtIKwAAAMe+mA1Zb2RlcjIwMTEucGRmAAAAAAAAAAAAAAAAAAAAAAAAAAAAAAAAAAAAAAAAAAAAAAAAAAAAAAAAAAAAAAAAAAAA1bJkzXAFXQAAAAAAAAAAAAEAAwAACSAAAAAAAAAAAAAAAAAAAAAJUERGX0ZpbGVzAAAQAAgAANBsnfsAAAARAAgAAM1wL40AAAABACAAx76YAMe+jADHO+IAxzRaACCPbwARzTcABidZAAKTmgACAG9NYWNpbnRvc2ggSEQ6VXNlcnM6AG1hdGhldXNrcnVlZ2VyOgBEcm9wYm94OgBVRlJHUzoATVNjIFRoZXNpczoAX19UZXh0OgAwN19SZWZlcmVuY2VzOgBQREZfRmlsZXM6AFlvZGVyMjAxMS5wZGYAAA4AHAANAFkAbwBkAGUAcgAyADAAMQAxAC4AcABkAGYADwAaAAwATQBhAGMAaQBuAHQAbwBzAGgAIABIAEQAEgBaVXNlcnMvbWF0aGV1c2tydWVnZXIvRHJvcGJveC9VRlJHUy9NU2MgVGhlc2lzL19fVGV4dC8wN19SZWZlcmVuY2VzL1BERl9GaWxlcy9Zb2RlcjIwMTEucGRmABMAAS8AABUAAgAV//8AAIAG0hscHR5aJGNsYXNzbmFtZVgkY2xhc3Nlc11OU011dGFibGVEYXRhox0fIFZOU0RhdGFYTlNPYmplY3TSGxwiI1xOU0RpY3Rpb25hcnmiIiBfEA9OU0tleWVkQXJjaGl2ZXLRJidUcm9vdIABAAgAEQAaACMALQAyADcAQABGAE0AVQBgAGcAagBsAG4AcQBzAHUAdwCEAI4AqACtALUCuQK7AsACywLUAuIC5gLtAvYC+wMIAwsDHQMgAyUAAAAAAAACAQAAAAAAAAAoAAAAAAAAAAAAAAAAAAADJw==}}

@book{Schwiegerling2004,
	Author = {Jim Schwiegerling},
	Date-Added = {2015-07-01 12:39:55 AM +0000},
	Date-Modified = {2015-07-01 12:42:00 AM +0000},
	Publisher = {SPIE press Bellingham, WA},
	Series = {SPIE Field Guides},
	Title = {Field Guide to Visual and Ophthalmic Optics},
	Volume = {FG04},
	Year = {2004},
	Bdsk-File-1 = {YnBsaXN0MDDUAQIDBAUGJCVYJHZlcnNpb25YJG9iamVjdHNZJGFyY2hpdmVyVCR0b3ASAAGGoKgHCBMUFRYaIVUkbnVsbNMJCgsMDxJXTlMua2V5c1pOUy5vYmplY3RzViRjbGFzc6INDoACgAOiEBGABIAFgAdccmVsYXRpdmVQYXRoWWFsaWFzRGF0YV8QH1BERl9GaWxlcy9TY2h3aWVnZXJsaW5nMjAwNC5wZGbSFwsYGVdOUy5kYXRhTxECIAAAAAACIAACAAAMTWFjaW50b3NoIEhEAAAAAAAAAAAAAAAAAAAA0GyB20grAAAAx76YFVNjaHdpZWdlcmxpbmcyMDA0LnBkZgAAAAAAAAAAAAAAAAAAAAAAAAAAAAAAAAAAAAAAAAAAAAAAAAAAAAAAAADVsmPNgxqOAAAAAAAAAAAAAQADAAAJIAAAAAAAAAAAAAAAAAAAAAlQREZfRmlsZXMAABAACAAA0Gyd+wAAABEACAAAzYNEvgAAAAEAIADHvpgAx76MAMc74gDHNFoAII9vABHNNwAGJ1kAApOaAAIAd01hY2ludG9zaCBIRDpVc2VyczoAbWF0aGV1c2tydWVnZXI6AERyb3Bib3g6AFVGUkdTOgBNU2MgVGhlc2lzOgBfX1RleHQ6ADA3X1JlZmVyZW5jZXM6AFBERl9GaWxlczoAU2Nod2llZ2VybGluZzIwMDQucGRmAAAOACwAFQBTAGMAaAB3AGkAZQBnAGUAcgBsAGkAbgBnADIAMAAwADQALgBwAGQAZgAPABoADABNAGEAYwBpAG4AdABvAHMAaAAgAEgARAASAGJVc2Vycy9tYXRoZXVza3J1ZWdlci9Ecm9wYm94L1VGUkdTL01TYyBUaGVzaXMvX19UZXh0LzA3X1JlZmVyZW5jZXMvUERGX0ZpbGVzL1NjaHdpZWdlcmxpbmcyMDA0LnBkZgATAAEvAAAVAAIAFf//AACABtIbHB0eWiRjbGFzc25hbWVYJGNsYXNzZXNdTlNNdXRhYmxlRGF0YaMdHyBWTlNEYXRhWE5TT2JqZWN00hscIiNcTlNEaWN0aW9uYXJ5oiIgXxAPTlNLZXllZEFyY2hpdmVy0SYnVHJvb3SAAQAIABEAGgAjAC0AMgA3AEAARgBNAFUAYABnAGoAbABuAHEAcwB1AHcAhACOALAAtQC9AuEC4wLoAvMC/AMKAw4DFQMeAyMDMAMzA0UDSANNAAAAAAAAAgEAAAAAAAAAKAAAAAAAAAAAAAAAAAAAA08=}}

@book{Tkaczyk2010,
	Author = {Tomasz S. Tkaczyk},
	Date-Added = {2015-07-01 12:14:58 AM +0000},
	Date-Modified = {2015-07-01 12:17:01 AM +0000},
	Publisher = {SPIE press Bellingham, WA},
	Series = {SPIE Field Guides},
	Title = {Field Guide to Microscopy},
	Volume = {FG13},
	Year = {2010},
	Bdsk-File-1 = {YnBsaXN0MDDUAQIDBAUGJCVYJHZlcnNpb25YJG9iamVjdHNZJGFyY2hpdmVyVCR0b3ASAAGGoKgHCBMUFRYaIVUkbnVsbNMJCgsMDxJXTlMua2V5c1pOUy5vYmplY3RzViRjbGFzc6INDoACgAOiEBGABIAFgAdccmVsYXRpdmVQYXRoWWFsaWFzRGF0YV8QGVBERl9GaWxlcy9Ua2FjenlrMjAxMC5wZGbSFwsYGVdOUy5kYXRhTxECCAAAAAACCAACAAAMTWFjaW50b3NoIEhEAAAAAAAAAAAAAAAAAAAA0GyB20grAAAAx76YD1RrYWN6eWsyMDEwLnBkZgAAAAAAAAAAAAAAAAAAAAAAAAAAAAAAAAAAAAAAAAAAAAAAAAAAAAAAAAAAAAAAAADVrWLNdlrXAAAAAAAAAAAAAQADAAAJIAAAAAAAAAAAAAAAAAAAAAlQREZfRmlsZXMAABAACAAA0Gyd+wAAABEACAAAzXaFBwAAAAEAIADHvpgAx76MAMc74gDHNFoAII9vABHNNwAGJ1kAApOaAAIAcU1hY2ludG9zaCBIRDpVc2VyczoAbWF0aGV1c2tydWVnZXI6AERyb3Bib3g6AFVGUkdTOgBNU2MgVGhlc2lzOgBfX1RleHQ6ADA3X1JlZmVyZW5jZXM6AFBERl9GaWxlczoAVGthY3p5azIwMTAucGRmAAAOACAADwBUAGsAYQBjAHoAeQBrADIAMAAxADAALgBwAGQAZgAPABoADABNAGEAYwBpAG4AdABvAHMAaAAgAEgARAASAFxVc2Vycy9tYXRoZXVza3J1ZWdlci9Ecm9wYm94L1VGUkdTL01TYyBUaGVzaXMvX19UZXh0LzA3X1JlZmVyZW5jZXMvUERGX0ZpbGVzL1RrYWN6eWsyMDEwLnBkZgATAAEvAAAVAAIAFf//AACABtIbHB0eWiRjbGFzc25hbWVYJGNsYXNzZXNdTlNNdXRhYmxlRGF0YaMdHyBWTlNEYXRhWE5TT2JqZWN00hscIiNcTlNEaWN0aW9uYXJ5oiIgXxAPTlNLZXllZEFyY2hpdmVy0SYnVHJvb3SAAQAIABEAGgAjAC0AMgA3AEAARgBNAFUAYABnAGoAbABuAHEAcwB1AHcAhACOAKoArwC3AsMCxQLKAtUC3gLsAvAC9wMAAwUDEgMVAycDKgMvAAAAAAAAAgEAAAAAAAAAKAAAAAAAAAAAAAAAAAAAAzE=}}

@article{Treutwein1995,
	Author = {Bernhard Treutwein},
	Date-Added = {2015-06-30 11:02:10 PM +0000},
	Date-Modified = {2015-06-30 11:03:01 PM +0000},
	Journal = {Vision Research},
	Keywords = {Psychometric functions; Psychophysical threshold; Binary responses; Sequential estimate; Efficiency; Yes-no methods; Forced-choice methods.},
	Number = {1503-2522},
	Title = {Adaptive psychophysical procedures},
	Volume = {17},
	Year = {1995},
	Bdsk-File-1 = {YnBsaXN0MDDUAQIDBAUGJCVYJHZlcnNpb25YJG9iamVjdHNZJGFyY2hpdmVyVCR0b3ASAAGGoKgHCBMUFRYaIVUkbnVsbNMJCgsMDxJXTlMua2V5c1pOUy5vYmplY3RzViRjbGFzc6INDoACgAOiEBGABIAFgAdccmVsYXRpdmVQYXRoWWFsaWFzRGF0YV8QG1BERl9GaWxlcy9UcmV1dHdlaW4xOTk1LnBkZtIXCxgZV05TLmRhdGFPEQIQAAAAAAIQAAIAAAxNYWNpbnRvc2ggSEQAAAAAAAAAAAAAAAAAAADQbIHbSCsAAADHvpgRVHJldXR3ZWluMTk5NS5wZGYAAAAAAAAAAAAAAAAAAAAAAAAAAAAAAAAAAAAAAAAAAAAAAAAAAAAAAAAAAAAAANWjf82du6AAAAAAAAAAAAABAAMAAAkgAAAAAAAAAAAAAAAAAAAACVBERl9GaWxlcwAAEAAIAADQbJ37AAAAEQAIAADNneXQAAAAAQAgAMe+mADHvowAxzviAMc0WgAgj28AEc03AAYnWQACk5oAAgBzTWFjaW50b3NoIEhEOlVzZXJzOgBtYXRoZXVza3J1ZWdlcjoARHJvcGJveDoAVUZSR1M6AE1TYyBUaGVzaXM6AF9fVGV4dDoAMDdfUmVmZXJlbmNlczoAUERGX0ZpbGVzOgBUcmV1dHdlaW4xOTk1LnBkZgAADgAkABEAVAByAGUAdQB0AHcAZQBpAG4AMQA5ADkANQAuAHAAZABmAA8AGgAMAE0AYQBjAGkAbgB0AG8AcwBoACAASABEABIAXlVzZXJzL21hdGhldXNrcnVlZ2VyL0Ryb3Bib3gvVUZSR1MvTVNjIFRoZXNpcy9fX1RleHQvMDdfUmVmZXJlbmNlcy9QREZfRmlsZXMvVHJldXR3ZWluMTk5NS5wZGYAEwABLwAAFQACABX//wAAgAbSGxwdHlokY2xhc3NuYW1lWCRjbGFzc2VzXU5TTXV0YWJsZURhdGGjHR8gVk5TRGF0YVhOU09iamVjdNIbHCIjXE5TRGljdGlvbmFyeaIiIF8QD05TS2V5ZWRBcmNoaXZlctEmJ1Ryb290gAEACAARABoAIwAtADIANwBAAEYATQBVAGAAZwBqAGwAbgBxAHMAdQB3AIQAjgCsALEAuQLNAs8C1ALfAugC9gL6AwEDCgMPAxwDHwMxAzQDOQAAAAAAAAIBAAAAAAAAACgAAAAAAAAAAAAAAAAAAAM7}}

@article{Leek2001,
	Author = {Leek, Marjorie R},
	Date-Added = {2015-06-30 11:00:36 PM +0000},
	Date-Modified = {2015-06-30 11:01:08 PM +0000},
	Journal = {Perception \& Psychophysics},
	Number = {8},
	Pages = {1279-1292},
	Title = {Adaptive procedures in psychophysical research},
	Volume = {63},
	Year = {2001},
	Bdsk-File-1 = {YnBsaXN0MDDUAQIDBAUGJCVYJHZlcnNpb25YJG9iamVjdHNZJGFyY2hpdmVyVCR0b3ASAAGGoKgHCBMUFRYaIVUkbnVsbNMJCgsMDxJXTlMua2V5c1pOUy5vYmplY3RzViRjbGFzc6INDoACgAOiEBGABIAFgAdccmVsYXRpdmVQYXRoWWFsaWFzRGF0YV8QFlBERl9GaWxlcy9MZWVrMjAwMS5wZGbSFwsYGVdOUy5kYXRhTxEB/AAAAAAB/AACAAAMTWFjaW50b3NoIEhEAAAAAAAAAAAAAAAAAAAA0GyB20grAAAAx76YDExlZWsyMDAxLnBkZgAAAAAAAAAAAAAAAAAAAAAAAAAAAAAAAAAAAAAAAAAAAAAAAAAAAAAAAAAAAAAAAAAAAADVo37NnbjLAAAAAAAAAAAAAQADAAAJIAAAAAAAAAAAAAAAAAAAAAlQREZfRmlsZXMAABAACAAA0Gyd+wAAABEACAAAzZ3i+wAAAAEAIADHvpgAx76MAMc74gDHNFoAII9vABHNNwAGJ1kAApOaAAIAbk1hY2ludG9zaCBIRDpVc2VyczoAbWF0aGV1c2tydWVnZXI6AERyb3Bib3g6AFVGUkdTOgBNU2MgVGhlc2lzOgBfX1RleHQ6ADA3X1JlZmVyZW5jZXM6AFBERl9GaWxlczoATGVlazIwMDEucGRmAA4AGgAMAEwAZQBlAGsAMgAwADAAMQAuAHAAZABmAA8AGgAMAE0AYQBjAGkAbgB0AG8AcwBoACAASABEABIAWVVzZXJzL21hdGhldXNrcnVlZ2VyL0Ryb3Bib3gvVUZSR1MvTVNjIFRoZXNpcy9fX1RleHQvMDdfUmVmZXJlbmNlcy9QREZfRmlsZXMvTGVlazIwMDEucGRmAAATAAEvAAAVAAIAFf//AACABtIbHB0eWiRjbGFzc25hbWVYJGNsYXNzZXNdTlNNdXRhYmxlRGF0YaMdHyBWTlNEYXRhWE5TT2JqZWN00hscIiNcTlNEaWN0aW9uYXJ5oiIgXxAPTlNLZXllZEFyY2hpdmVy0SYnVHJvb3SAAQAIABEAGgAjAC0AMgA3AEAARgBNAFUAYABnAGoAbABuAHEAcwB1AHcAhACOAKcArAC0ArQCtgK7AsYCzwLdAuEC6ALxAvYDAwMGAxgDGwMgAAAAAAAAAgEAAAAAAAAAKAAAAAAAAAAAAAAAAAAAAyI=}}

@article{Klein2001,
	Author = {Stanley A. Klein},
	Date-Added = {2015-06-30 10:59:10 PM +0000},
	Date-Modified = {2015-06-30 11:00:24 PM +0000},
	Journal = {Perception \& Psychophysics},
	Pages = {1421-1455},
	Title = {Measuring, estimating, and understanding the psychometric function: a commentary},
	Volume = {63},
	Year = {2001},
	Bdsk-File-1 = {YnBsaXN0MDDUAQIDBAUGJCVYJHZlcnNpb25YJG9iamVjdHNZJGFyY2hpdmVyVCR0b3ASAAGGoKgHCBMUFRYaIVUkbnVsbNMJCgsMDxJXTlMua2V5c1pOUy5vYmplY3RzViRjbGFzc6INDoACgAOiEBGABIAFgAdccmVsYXRpdmVQYXRoWWFsaWFzRGF0YV8QF1BERl9GaWxlcy9LbGVpbjIwMDEucGRm0hcLGBlXTlMuZGF0YU8RAgAAAAAAAgAAAgAADE1hY2ludG9zaCBIRAAAAAAAAAAAAAAAAAAAANBsgdtIKwAAAMe+mA1LbGVpbjIwMDEucGRmAAAAAAAAAAAAAAAAAAAAAAAAAAAAAAAAAAAAAAAAAAAAAAAAAAAAAAAAAAAAAAAAAAAA1aN9zwVAlQAAAAAAAAAAAAEAAwAACSAAAAAAAAAAAAAAAAAAAAAJUERGX0ZpbGVzAAAQAAgAANBsnfsAAAARAAgAAM8FXLUAAAABACAAx76YAMe+jADHO+IAxzRaACCPbwARzTcABidZAAKTmgACAG9NYWNpbnRvc2ggSEQ6VXNlcnM6AG1hdGhldXNrcnVlZ2VyOgBEcm9wYm94OgBVRlJHUzoATVNjIFRoZXNpczoAX19UZXh0OgAwN19SZWZlcmVuY2VzOgBQREZfRmlsZXM6AEtsZWluMjAwMS5wZGYAAA4AHAANAEsAbABlAGkAbgAyADAAMAAxAC4AcABkAGYADwAaAAwATQBhAGMAaQBuAHQAbwBzAGgAIABIAEQAEgBaVXNlcnMvbWF0aGV1c2tydWVnZXIvRHJvcGJveC9VRlJHUy9NU2MgVGhlc2lzL19fVGV4dC8wN19SZWZlcmVuY2VzL1BERl9GaWxlcy9LbGVpbjIwMDEucGRmABMAAS8AABUAAgAV//8AAIAG0hscHR5aJGNsYXNzbmFtZVgkY2xhc3Nlc11OU011dGFibGVEYXRhox0fIFZOU0RhdGFYTlNPYmplY3TSGxwiI1xOU0RpY3Rpb25hcnmiIiBfEA9OU0tleWVkQXJjaGl2ZXLRJidUcm9vdIABAAgAEQAaACMALQAyADcAQABGAE0AVQBgAGcAagBsAG4AcQBzAHUAdwCEAI4AqACtALUCuQK7AsACywLUAuIC5gLtAvYC+wMIAwsDHQMgAyUAAAAAAAACAQAAAAAAAAAoAAAAAAAAAAAAAAAAAAADJw==}}

@article{Potmesil1981,
	Author = {Potmesil, Michael and Chakravarty, Indranil},
	Date-Added = {2015-06-25 11:39:14 PM +0000},
	Date-Modified = {2015-06-25 11:39:22 PM +0000},
	Journal = {ACM SIGGRAPH Computer Graphics},
	Number = {3},
	Pages = {297--305},
	Publisher = {ACM},
	Title = {A lens and aperture camera model for synthetic image generation},
	Volume = {15},
	Year = {1981},
	Bdsk-File-1 = {YnBsaXN0MDDUAQIDBAUGJCVYJHZlcnNpb25YJG9iamVjdHNZJGFyY2hpdmVyVCR0b3ASAAGGoKgHCBMUFRYaIVUkbnVsbNMJCgsMDxJXTlMua2V5c1pOUy5vYmplY3RzViRjbGFzc6INDoACgAOiEBGABIAFgAdccmVsYXRpdmVQYXRoWWFsaWFzRGF0YV8QGlBERl9GaWxlcy9Qb3RtZXNpbDE5ODEucGRm0hcLGBlXTlMuZGF0YU8RAgwAAAAAAgwAAgAADE1hY2ludG9zaCBIRAAAAAAAAAAAAAAAAAAAANBsgdtIKwAAAMe+mBBQb3RtZXNpbDE5ODEucGRmAAAAAAAAAAAAAAAAAAAAAAAAAAAAAAAAAAAAAAAAAAAAAAAAAAAAAAAAAAAAAAAA3Uwm0XwLggAAAAAAAAAAAAEAAwAACSAAAAAAAAAAAAAAAAAAAAAJUERGX0ZpbGVzAAAQAAgAANBsnfsAAAARAAgAANF8NbIAAAABACAAx76YAMe+jADHO+IAxzRaACCPbwARzTcABidZAAKTmgACAHJNYWNpbnRvc2ggSEQ6VXNlcnM6AG1hdGhldXNrcnVlZ2VyOgBEcm9wYm94OgBVRlJHUzoATVNjIFRoZXNpczoAX19UZXh0OgAwN19SZWZlcmVuY2VzOgBQREZfRmlsZXM6AFBvdG1lc2lsMTk4MS5wZGYADgAiABAAUABvAHQAbQBlAHMAaQBsADEAOQA4ADEALgBwAGQAZgAPABoADABNAGEAYwBpAG4AdABvAHMAaAAgAEgARAASAF1Vc2Vycy9tYXRoZXVza3J1ZWdlci9Ecm9wYm94L1VGUkdTL01TYyBUaGVzaXMvX19UZXh0LzA3X1JlZmVyZW5jZXMvUERGX0ZpbGVzL1BvdG1lc2lsMTk4MS5wZGYAABMAAS8AABUAAgAV//8AAIAG0hscHR5aJGNsYXNzbmFtZVgkY2xhc3Nlc11OU011dGFibGVEYXRhox0fIFZOU0RhdGFYTlNPYmplY3TSGxwiI1xOU0RpY3Rpb25hcnmiIiBfEA9OU0tleWVkQXJjaGl2ZXLRJidUcm9vdIABAAgAEQAaACMALQAyADcAQABGAE0AVQBgAGcAagBsAG4AcQBzAHUAdwCEAI4AqwCwALgCyALKAs8C2gLjAvEC9QL8AwUDCgMXAxoDLAMvAzQAAAAAAAACAQAAAAAAAAAoAAAAAAAAAAAAAAAAAAADNg==}}

@book{Blake2005,
	Address = {New York, NY, USA},
	Author = {Randolph Blake and Robert Sekuler},
	Date-Added = {2015-06-23 7:27:36 PM +0000},
	Date-Modified = {2015-06-23 7:28:48 PM +0000},
	Edition = {5},
	Publisher = {McGraw-Hill Humanities/Social Sciences/Languages},
	Title = {Perception},
	Year = {2005},
	Bdsk-File-1 = {YnBsaXN0MDDUAQIDBAUGJCVYJHZlcnNpb25YJG9iamVjdHNZJGFyY2hpdmVyVCR0b3ASAAGGoKgHCBMUFRYaIVUkbnVsbNMJCgsMDxJXTlMua2V5c1pOUy5vYmplY3RzViRjbGFzc6INDoACgAOiEBGABIAFgAdccmVsYXRpdmVQYXRoWWFsaWFzRGF0YV8QF1BERl9GaWxlcy9CbGFrZTIwMDUucGRm0hcLGBlXTlMuZGF0YU8RAgAAAAAAAgAAAgAADE1hY2ludG9zaCBIRAAAAAAAAAAAAAAAAAAAANBsgdtIKwAAAMe+mA1CbGFrZTIwMDUucGRmAAAAAAAAAAAAAAAAAAAAAAAAAAAAAAAAAAAAAAAAAAAAAAAAAAAAAAAAAAAAAAAAAAAA0Gg6zvMTEAAAAAAAAAAAAAEAAwAACSAAAAAAAAAAAAAAAAAAAAAJUERGX0ZpbGVzAAAQAAgAANBsnfsAAAARAAgAAM7zLzAAAAABACAAx76YAMe+jADHO+IAxzRaACCPbwARzTcABidZAAKTmgACAG9NYWNpbnRvc2ggSEQ6VXNlcnM6AG1hdGhldXNrcnVlZ2VyOgBEcm9wYm94OgBVRlJHUzoATVNjIFRoZXNpczoAX19UZXh0OgAwN19SZWZlcmVuY2VzOgBQREZfRmlsZXM6AEJsYWtlMjAwNS5wZGYAAA4AHAANAEIAbABhAGsAZQAyADAAMAA1AC4AcABkAGYADwAaAAwATQBhAGMAaQBuAHQAbwBzAGgAIABIAEQAEgBaVXNlcnMvbWF0aGV1c2tydWVnZXIvRHJvcGJveC9VRlJHUy9NU2MgVGhlc2lzL19fVGV4dC8wN19SZWZlcmVuY2VzL1BERl9GaWxlcy9CbGFrZTIwMDUucGRmABMAAS8AABUAAgAV//8AAIAG0hscHR5aJGNsYXNzbmFtZVgkY2xhc3Nlc11OU011dGFibGVEYXRhox0fIFZOU0RhdGFYTlNPYmplY3TSGxwiI1xOU0RpY3Rpb25hcnmiIiBfEA9OU0tleWVkQXJjaGl2ZXLRJidUcm9vdIABAAgAEQAaACMALQAyADcAQABGAE0AVQBgAGcAagBsAG4AcQBzAHUAdwCEAI4AqACtALUCuQK7AsACywLUAuIC5gLtAvYC+wMIAwsDHQMgAyUAAAAAAAACAQAAAAAAAAAoAAAAAAAAAAAAAAAAAAADJw==}}

@book{Zimbardo2012,
	Address = {New York, NY, USA},
	Author = {Philip G. Zimbardo and Robert L. Johnson and Vivian McCann},
	Date-Added = {2015-06-23 7:22:59 PM +0000},
	Date-Modified = {2015-06-23 7:25:52 PM +0000},
	Edition = {7},
	Publisher = {Pearson Education},
	Title = {Psychology: core concepts},
	Year = {2012},
	Bdsk-File-1 = {YnBsaXN0MDDUAQIDBAUGJCVYJHZlcnNpb25YJG9iamVjdHNZJGFyY2hpdmVyVCR0b3ASAAGGoKgHCBMUFRYaIVUkbnVsbNMJCgsMDxJXTlMua2V5c1pOUy5vYmplY3RzViRjbGFzc6INDoACgAOiEBGABIAFgAdccmVsYXRpdmVQYXRoWWFsaWFzRGF0YV8QGlBERl9GaWxlcy9aaW1iYXJkbzIwMTIucGRm0hcLGBlXTlMuZGF0YU8RAgwAAAAAAgwAAgAADE1hY2ludG9zaCBIRAAAAAAAAAAAAAAAAAAAANBsgdtIKwAAAMe+mBBaaW1iYXJkbzIwMTIucGRmAAAAAAAAAAAAAAAAAAAAAAAAAAAAAAAAAAAAAAAAAAAAAAAAAAAAAAAAAAAAAAAA0Gg9yr6ZrgAAAAAAAAAAAAEAAwAACSAAAAAAAAAAAAAAAAAAAAAJUERGX0ZpbGVzAAAQAAgAANBsnfsAAAARAAgAAMq+w94AAAABACAAx76YAMe+jADHO+IAxzRaACCPbwARzTcABidZAAKTmgACAHJNYWNpbnRvc2ggSEQ6VXNlcnM6AG1hdGhldXNrcnVlZ2VyOgBEcm9wYm94OgBVRlJHUzoATVNjIFRoZXNpczoAX19UZXh0OgAwN19SZWZlcmVuY2VzOgBQREZfRmlsZXM6AFppbWJhcmRvMjAxMi5wZGYADgAiABAAWgBpAG0AYgBhAHIAZABvADIAMAAxADIALgBwAGQAZgAPABoADABNAGEAYwBpAG4AdABvAHMAaAAgAEgARAASAF1Vc2Vycy9tYXRoZXVza3J1ZWdlci9Ecm9wYm94L1VGUkdTL01TYyBUaGVzaXMvX19UZXh0LzA3X1JlZmVyZW5jZXMvUERGX0ZpbGVzL1ppbWJhcmRvMjAxMi5wZGYAABMAAS8AABUAAgAV//8AAIAG0hscHR5aJGNsYXNzbmFtZVgkY2xhc3Nlc11OU011dGFibGVEYXRhox0fIFZOU0RhdGFYTlNPYmplY3TSGxwiI1xOU0RpY3Rpb25hcnmiIiBfEA9OU0tleWVkQXJjaGl2ZXLRJidUcm9vdIABAAgAEQAaACMALQAyADcAQABGAE0AVQBgAGcAagBsAG4AcQBzAHUAdwCEAI4AqwCwALgCyALKAs8C2gLjAvEC9QL8AwUDCgMXAxoDLAMvAzQAAAAAAAACAQAAAAAAAAAoAAAAAAAAAAAAAAAAAAADNg==}}

@unpublished{Lemma2005,
	Author = {Girma Lemma},
	Date-Added = {2015-06-23 7:19:42 PM +0000},
	Date-Modified = {2015-06-23 7:21:07 PM +0000},
	Month = {July},
	Note = {Lecture Notes},
	Title = {General Psychology},
	Year = {2005},
	Bdsk-File-1 = {YnBsaXN0MDDUAQIDBAUGJCVYJHZlcnNpb25YJG9iamVjdHNZJGFyY2hpdmVyVCR0b3ASAAGGoKgHCBMUFRYaIVUkbnVsbNMJCgsMDxJXTlMua2V5c1pOUy5vYmplY3RzViRjbGFzc6INDoACgAOiEBGABIAFgAdccmVsYXRpdmVQYXRoWWFsaWFzRGF0YV8QF1BERl9GaWxlcy9MZW1tYTIwMDUucGRm0hcLGBlXTlMuZGF0YU8RAgAAAAAAAgAAAgAADE1hY2ludG9zaCBIRAAAAAAAAAAAAAAAAAAAANBsgdtIKwAAAMe+mA1MZW1tYTIwMDUucGRmAAAAAAAAAAAAAAAAAAAAAAAAAAAAAAAAAAAAAAAAAAAAAAAAAAAAAAAAAAAAAAAAAAAA0Gg8zvRuzQAAAAAAAAAAAAEAAwAACSAAAAAAAAAAAAAAAAAAAAAJUERGX0ZpbGVzAAAQAAgAANBsnfsAAAARAAgAAM70iu0AAAABACAAx76YAMe+jADHO+IAxzRaACCPbwARzTcABidZAAKTmgACAG9NYWNpbnRvc2ggSEQ6VXNlcnM6AG1hdGhldXNrcnVlZ2VyOgBEcm9wYm94OgBVRlJHUzoATVNjIFRoZXNpczoAX19UZXh0OgAwN19SZWZlcmVuY2VzOgBQREZfRmlsZXM6AExlbW1hMjAwNS5wZGYAAA4AHAANAEwAZQBtAG0AYQAyADAAMAA1AC4AcABkAGYADwAaAAwATQBhAGMAaQBuAHQAbwBzAGgAIABIAEQAEgBaVXNlcnMvbWF0aGV1c2tydWVnZXIvRHJvcGJveC9VRlJHUy9NU2MgVGhlc2lzL19fVGV4dC8wN19SZWZlcmVuY2VzL1BERl9GaWxlcy9MZW1tYTIwMDUucGRmABMAAS8AABUAAgAV//8AAIAG0hscHR5aJGNsYXNzbmFtZVgkY2xhc3Nlc11OU011dGFibGVEYXRhox0fIFZOU0RhdGFYTlNPYmplY3TSGxwiI1xOU0RpY3Rpb25hcnmiIiBfEA9OU0tleWVkQXJjaGl2ZXLRJidUcm9vdIABAAgAEQAaACMALQAyADcAQABGAE0AVQBgAGcAagBsAG4AcQBzAHUAdwCEAI4AqACtALUCuQK7AsACywLUAuIC5gLtAvYC+wMIAwsDHQMgAyUAAAAAAAACAQAAAAAAAAAoAAAAAAAAAAAAAAAAAAADJw==}}

@book{King2012,
	Author = {Laura A. King},
	Date-Added = {2015-06-23 6:58:39 PM +0000},
	Date-Modified = {2015-06-23 7:16:27 PM +0000},
	Edition = {2},
	Publisher = {McGraw-Hill Education},
	Title = {Experience Psychology},
	Year = {2012},
	Bdsk-File-1 = {YnBsaXN0MDDUAQIDBAUGJCVYJHZlcnNpb25YJG9iamVjdHNZJGFyY2hpdmVyVCR0b3ASAAGGoKgHCBMUFRYaIVUkbnVsbNMJCgsMDxJXTlMua2V5c1pOUy5vYmplY3RzViRjbGFzc6INDoACgAOiEBGABIAFgAdccmVsYXRpdmVQYXRoWWFsaWFzRGF0YV8QFlBERl9GaWxlcy9LaW5nMjAxMy5wZGbSFwsYGVdOUy5kYXRhTxEB/AAAAAAB/AACAAAMTWFjaW50b3NoIEhEAAAAAAAAAAAAAAAAAAAA0GyB20grAAAAx76YDEtpbmcyMDEzLnBkZgAAAAAAAAAAAAAAAAAAAAAAAAAAAAAAAAAAAAAAAAAAAAAAAAAAAAAAAAAAAAAAAAAAAADQaDvO9GxQAAAAAAAAAAAAAQADAAAJIAAAAAAAAAAAAAAAAAAAAAlQREZfRmlsZXMAABAACAAA0Gyd+wAAABEACAAAzvSIcAAAAAEAIADHvpgAx76MAMc74gDHNFoAII9vABHNNwAGJ1kAApOaAAIAbk1hY2ludG9zaCBIRDpVc2VyczoAbWF0aGV1c2tydWVnZXI6AERyb3Bib3g6AFVGUkdTOgBNU2MgVGhlc2lzOgBfX1RleHQ6ADA3X1JlZmVyZW5jZXM6AFBERl9GaWxlczoAS2luZzIwMTMucGRmAA4AGgAMAEsAaQBuAGcAMgAwADEAMwAuAHAAZABmAA8AGgAMAE0AYQBjAGkAbgB0AG8AcwBoACAASABEABIAWVVzZXJzL21hdGhldXNrcnVlZ2VyL0Ryb3Bib3gvVUZSR1MvTVNjIFRoZXNpcy9fX1RleHQvMDdfUmVmZXJlbmNlcy9QREZfRmlsZXMvS2luZzIwMTMucGRmAAATAAEvAAAVAAIAFf//AACABtIbHB0eWiRjbGFzc25hbWVYJGNsYXNzZXNdTlNNdXRhYmxlRGF0YaMdHyBWTlNEYXRhWE5TT2JqZWN00hscIiNcTlNEaWN0aW9uYXJ5oiIgXxAPTlNLZXllZEFyY2hpdmVy0SYnVHJvb3SAAQAIABEAGgAjAC0AMgA3AEAARgBNAFUAYABnAGoAbABuAHEAcwB1AHcAhACOAKcArAC0ArQCtgK7AsYCzwLdAuEC6ALxAvYDAwMGAxgDGwMgAAAAAAAAAgEAAAAAAAAAKAAAAAAAAAAAAAAAAAAAAyI=}}

@article{Thibos2011,
	Author = {Thibos, Larry N and Thibos, Cameron A},
	Date-Added = {2015-06-07 7:06:01 PM +0000},
	Date-Modified = {2015-06-07 7:10:17 PM +0000},
	Journal = {US Ophthalmic Review},
	Keywords = {optical blur, defocus, astigmatism, retinal image},
	Month = {7},
	Number = {2},
	Pages = {104--106},
	Title = {Geometrical Optical Analysis of Defocused Retinal Images to Compute the Size of Retinal Blur Circles Relative to Object Size},
	Volume = {4},
	Year = {2011},
	Bdsk-File-1 = {YnBsaXN0MDDUAQIDBAUGJCVYJHZlcnNpb25YJG9iamVjdHNZJGFyY2hpdmVyVCR0b3ASAAGGoKgHCBMUFRYaIVUkbnVsbNMJCgsMDxJXTlMua2V5c1pOUy5vYmplY3RzViRjbGFzc6INDoACgAOiEBGABIAFgAdccmVsYXRpdmVQYXRoWWFsaWFzRGF0YV8QGFBERl9GaWxlcy9UaGlib3MyMDExLnBkZtIXCxgZV05TLmRhdGFPEQIEAAAAAAIEAAIAAAxNYWNpbnRvc2ggSEQAAAAAAAAAAAAAAAAAAADQbIHbSCsAAADHvpgOVGhpYm9zMjAxMS5wZGYAAAAAAAAAAAAAAAAAAAAAAAAAAAAAAAAAAAAAAAAAAAAAAAAAAAAAAAAAAAAAAAAAAMgfH9GaHDUAAAAAAAAAAAABAAMAAAkgAAAAAAAAAAAAAAAAAAAACVBERl9GaWxlcwAAEAAIAADQbJ37AAAAEQAIAADRmkZlAAAAAQAgAMe+mADHvowAxzviAMc0WgAgj28AEc03AAYnWQACk5oAAgBwTWFjaW50b3NoIEhEOlVzZXJzOgBtYXRoZXVza3J1ZWdlcjoARHJvcGJveDoAVUZSR1M6AE1TYyBUaGVzaXM6AF9fVGV4dDoAMDdfUmVmZXJlbmNlczoAUERGX0ZpbGVzOgBUaGlib3MyMDExLnBkZgAOAB4ADgBUAGgAaQBiAG8AcwAyADAAMQAxAC4AcABkAGYADwAaAAwATQBhAGMAaQBuAHQAbwBzAGgAIABIAEQAEgBbVXNlcnMvbWF0aGV1c2tydWVnZXIvRHJvcGJveC9VRlJHUy9NU2MgVGhlc2lzL19fVGV4dC8wN19SZWZlcmVuY2VzL1BERl9GaWxlcy9UaGlib3MyMDExLnBkZgAAEwABLwAAFQACABX//wAAgAbSGxwdHlokY2xhc3NuYW1lWCRjbGFzc2VzXU5TTXV0YWJsZURhdGGjHR8gVk5TRGF0YVhOU09iamVjdNIbHCIjXE5TRGljdGlvbmFyeaIiIF8QD05TS2V5ZWRBcmNoaXZlctEmJ1Ryb290gAEACAARABoAIwAtADIANwBAAEYATQBVAGAAZwBqAGwAbgBxAHMAdQB3AIQAjgCpAK4AtgK+AsACxQLQAtkC5wLrAvIC+wMAAw0DEAMiAyUDKgAAAAAAAAIBAAAAAAAAACgAAAAAAAAAAAAAAAAAAAMs}}

@article{Dias2014,
	Author = {Dias-Santos, Arnaldo AND Rosa, Rita AND Ferreira, Joana AND Cunha, Jo{\~a}o P. AND Brito, Cristina AND Paix{\~a}o, Ana AND Toscano, Alcina},
	Date-Added = {2015-06-07 6:47:46 PM +0000},
	Date-Modified = {2015-06-07 7:09:34 PM +0000},
	Doi = {10.5935/0034-7280.20140075},
	Issn = {0034-7280},
	Journal = {Revista Brasileira de Oftalmologia},
	Keywords = {amblyopia, children, refractory amblyopia, wavefront aberrometry},
	Language = {en},
	Month = {12},
	Pages = {358--362},
	Publisher = {SciELO Brasil},
	Title = {Higher order aberrations in amblyopic children and their role in refractory amblyopia},
	Url = {http://www.scielo.br/scielo.php?script=sci_arttext&pid=S0034-72802014000600358&nrm=iso},
	Volume = {73},
	Year = {2014},
	Bdsk-File-1 = {YnBsaXN0MDDUAQIDBAUGJCVYJHZlcnNpb25YJG9iamVjdHNZJGFyY2hpdmVyVCR0b3ASAAGGoKgHCBMUFRYaIVUkbnVsbNMJCgsMDxJXTlMua2V5c1pOUy5vYmplY3RzViRjbGFzc6INDoACgAOiEBGABIAFgAdccmVsYXRpdmVQYXRoWWFsaWFzRGF0YV8QFlBERl9GaWxlcy9EaWFzMjAxNC5wZGbSFwsYGVdOUy5kYXRhTxEB/AAAAAAB/AACAAAMTWFjaW50b3NoIEhEAAAAAAAAAAAAAAAAAAAA0GyB20grAAAAx76YDERpYXMyMDE0LnBkZgAAAAAAAAAAAAAAAAAAAAAAAAAAAAAAAAAAAAAAAAAAAAAAAAAAAAAAAAAAAAAAAAAAAADIGunRmhiQAAAAAAAAAAAAAQADAAAJIAAAAAAAAAAAAAAAAAAAAAlQREZfRmlsZXMAABAACAAA0Gyd+wAAABEACAAA0ZpCwAAAAAEAIADHvpgAx76MAMc74gDHNFoAII9vABHNNwAGJ1kAApOaAAIAbk1hY2ludG9zaCBIRDpVc2VyczoAbWF0aGV1c2tydWVnZXI6AERyb3Bib3g6AFVGUkdTOgBNU2MgVGhlc2lzOgBfX1RleHQ6ADA3X1JlZmVyZW5jZXM6AFBERl9GaWxlczoARGlhczIwMTQucGRmAA4AGgAMAEQAaQBhAHMAMgAwADEANAAuAHAAZABmAA8AGgAMAE0AYQBjAGkAbgB0AG8AcwBoACAASABEABIAWVVzZXJzL21hdGhldXNrcnVlZ2VyL0Ryb3Bib3gvVUZSR1MvTVNjIFRoZXNpcy9fX1RleHQvMDdfUmVmZXJlbmNlcy9QREZfRmlsZXMvRGlhczIwMTQucGRmAAATAAEvAAAVAAIAFf//AACABtIbHB0eWiRjbGFzc25hbWVYJGNsYXNzZXNdTlNNdXRhYmxlRGF0YaMdHyBWTlNEYXRhWE5TT2JqZWN00hscIiNcTlNEaWN0aW9uYXJ5oiIgXxAPTlNLZXllZEFyY2hpdmVy0SYnVHJvb3SAAQAIABEAGgAjAC0AMgA3AEAARgBNAFUAYABnAGoAbABuAHEAcwB1AHcAhACOAKcArAC0ArQCtgK7AsYCzwLdAuEC6ALxAvYDAwMGAxgDGwMgAAAAAAAAAgEAAAAAAAAAKAAAAAAAAAAAAAAAAAAAAyI=},
	Bdsk-Url-1 = {http://www.scielo.br/scielo.php?script=sci_arttext&pid=S0034-72802014000600358&nrm=iso},
	Bdsk-Url-2 = {http://dx.doi.org/10.5935/0034-7280.20140075}}

@inproceedings{Barsky2004,
	Acmid = {1012564},
	Address = {New York, NY, USA},
	Author = {Barsky, Brian A.},
	Booktitle = {Proceedings of the 1st Symposium on Applied Perception in Graphics and Visualization},
	Date-Added = {2015-06-07 6:35:42 PM +0000},
	Date-Modified = {2015-06-07 6:35:57 PM +0000},
	Doi = {10.1145/1012551.1012564},
	Isbn = {1-58113-914-4},
	Keywords = {LASIK, Point Spread Function (PSF), blur, human visual system, image synthesis, ophthalmology, optics, optometry, pupil, ray tracing, vision-realistic rendering},
	Location = {Los Angeles, California, USA},
	Numpages = {9},
	Pages = {73--81},
	Publisher = {ACM},
	Series = {APGV '04},
	Title = {Vision-realistic Rendering: Simulation of the Scanned Foveal Image from Wavefront Data of Human Subjects},
	Url = {http://doi.acm.org/10.1145/1012551.1012564},
	Year = {2004},
	Bdsk-File-1 = {YnBsaXN0MDDUAQIDBAUGJCVYJHZlcnNpb25YJG9iamVjdHNZJGFyY2hpdmVyVCR0b3ASAAGGoKgHCBMUFRYaIVUkbnVsbNMJCgsMDxJXTlMua2V5c1pOUy5vYmplY3RzViRjbGFzc6INDoACgAOiEBGABIAFgAdccmVsYXRpdmVQYXRoWWFsaWFzRGF0YV8QGFBERl9GaWxlcy9CYXJza3kyMDA0LnBkZtIXCxgZV05TLmRhdGFPEQIEAAAAAAIEAAIAAAxNYWNpbnRvc2ggSEQAAAAAAAAAAAAAAAAAAADQbIHbSCsAAADHvpgOQmFyc2t5MjAwNC5wZGYAAAAAAAAAAAAAAAAAAAAAAAAAAAAAAAAAAAAAAAAAAAAAAAAAAAAAAAAAAAAAAAAAAMgYq9GaFcYAAAAAAAAAAAABAAMAAAkgAAAAAAAAAAAAAAAAAAAACVBERl9GaWxlcwAAEAAIAADQbJ37AAAAEQAIAADRmj/2AAAAAQAgAMe+mADHvowAxzviAMc0WgAgj28AEc03AAYnWQACk5oAAgBwTWFjaW50b3NoIEhEOlVzZXJzOgBtYXRoZXVza3J1ZWdlcjoARHJvcGJveDoAVUZSR1M6AE1TYyBUaGVzaXM6AF9fVGV4dDoAMDdfUmVmZXJlbmNlczoAUERGX0ZpbGVzOgBCYXJza3kyMDA0LnBkZgAOAB4ADgBCAGEAcgBzAGsAeQAyADAAMAA0AC4AcABkAGYADwAaAAwATQBhAGMAaQBuAHQAbwBzAGgAIABIAEQAEgBbVXNlcnMvbWF0aGV1c2tydWVnZXIvRHJvcGJveC9VRlJHUy9NU2MgVGhlc2lzL19fVGV4dC8wN19SZWZlcmVuY2VzL1BERl9GaWxlcy9CYXJza3kyMDA0LnBkZgAAEwABLwAAFQACABX//wAAgAbSGxwdHlokY2xhc3NuYW1lWCRjbGFzc2VzXU5TTXV0YWJsZURhdGGjHR8gVk5TRGF0YVhOU09iamVjdNIbHCIjXE5TRGljdGlvbmFyeaIiIF8QD05TS2V5ZWRBcmNoaXZlctEmJ1Ryb290gAEACAARABoAIwAtADIANwBAAEYATQBVAGAAZwBqAGwAbgBxAHMAdQB3AIQAjgCpAK4AtgK+AsACxQLQAtkC5wLrAvIC+wMAAw0DEAMiAyUDKgAAAAAAAAIBAAAAAAAAACgAAAAAAAAAAAAAAAAAAAMs},
	Bdsk-Url-1 = {http://doi.acm.org/10.1145/1012551.1012564},
	Bdsk-Url-2 = {http://dx.doi.org/10.1145/1012551.1012564}}

@book{Schwartz2010,
	Address = {New York, NY, USA},
	Author = {Schwartz, Steven H},
	Date-Added = {2015-06-07 6:19:57 PM +0000},
	Date-Modified = {2015-06-07 6:28:52 PM +0000},
	Edition = {4},
	Publisher = {McGraw-Hill Medical Pub. Division},
	Title = {Visual perception: A clinical orientation},
	Year = {2010},
	Bdsk-File-1 = {YnBsaXN0MDDUAQIDBAUGJCVYJHZlcnNpb25YJG9iamVjdHNZJGFyY2hpdmVyVCR0b3ASAAGGoKgHCBMUFRYaIVUkbnVsbNMJCgsMDxJXTlMua2V5c1pOUy5vYmplY3RzViRjbGFzc6INDoACgAOiEBGABIAFgAdccmVsYXRpdmVQYXRoWWFsaWFzRGF0YV8QGlBERl9GaWxlcy9TY2h3YXJ0ejIwMTAucGRm0hcLGBlXTlMuZGF0YU8RAgwAAAAAAgwAAgAADE1hY2ludG9zaCBIRAAAAAAAAAAAAAAAAAAAANBsgdtIKwAAAMe+mBBTY2h3YXJ0ejIwMTAucGRmAAAAAAAAAAAAAAAAAAAAAAAAAAAAAAAAAAAAAAAAAAAAAAAAAAAAAAAAAAAAAAAAyBO9z5FqlAAAAAAAAAAAAAEAAwAACSAAAAAAAAAAAAAAAAAAAAAJUERGX0ZpbGVzAAAQAAgAANBsnfsAAAARAAgAAM+RlMQAAAABACAAx76YAMe+jADHO+IAxzRaACCPbwARzTcABidZAAKTmgACAHJNYWNpbnRvc2ggSEQ6VXNlcnM6AG1hdGhldXNrcnVlZ2VyOgBEcm9wYm94OgBVRlJHUzoATVNjIFRoZXNpczoAX19UZXh0OgAwN19SZWZlcmVuY2VzOgBQREZfRmlsZXM6AFNjaHdhcnR6MjAxMC5wZGYADgAiABAAUwBjAGgAdwBhAHIAdAB6ADIAMAAxADAALgBwAGQAZgAPABoADABNAGEAYwBpAG4AdABvAHMAaAAgAEgARAASAF1Vc2Vycy9tYXRoZXVza3J1ZWdlci9Ecm9wYm94L1VGUkdTL01TYyBUaGVzaXMvX19UZXh0LzA3X1JlZmVyZW5jZXMvUERGX0ZpbGVzL1NjaHdhcnR6MjAxMC5wZGYAABMAAS8AABUAAgAV//8AAIAG0hscHR5aJGNsYXNzbmFtZVgkY2xhc3Nlc11OU011dGFibGVEYXRhox0fIFZOU0RhdGFYTlNPYmplY3TSGxwiI1xOU0RpY3Rpb25hcnmiIiBfEA9OU0tleWVkQXJjaGl2ZXLRJidUcm9vdIABAAgAEQAaACMALQAyADcAQABGAE0AVQBgAGcAagBsAG4AcQBzAHUAdwCEAI4AqwCwALgCyALKAs8C2gLjAvEC9QL8AwUDCgMXAxoDLAMvAzQAAAAAAAACAQAAAAAAAAAoAAAAAAAAAAAAAAAAAAADNg==}}

@article{Pamplona2010,
	Acmid = {1778814},
	Address = {New York, NY, USA},
	Articleno = {77},
	Author = {Pamplona, Vitor F. and Mohan, Ankit and Oliveira, Manuel M. and Raskar, Ramesh},
	Date-Added = {2015-06-07 3:50:40 PM +0000},
	Date-Modified = {2015-06-07 4:19:10 PM +0000},
	Doi = {10.1145/1778765.1778814},
	Issn = {0730-0301},
	Issue_Date = {July 2010},
	Journal = {ACM Trans. Graph.},
	Keywords = {computer-human interaction, light-field display, optometry, refractive errors, visual accommodation},
	Month = 7,
	Number = {4},
	Numpages = {8},
	Pages = {77:1--77:8},
	Publisher = {ACM},
	Title = {NETRA: Interactive Display for Estimating Refractive Errors and Focal Range},
	Url = {http://doi.acm.org/10.1145/1778765.1778814},
	Volume = {29},
	Year = {2010},
	Bdsk-File-1 = {YnBsaXN0MDDUAQIDBAUGJCVYJHZlcnNpb25YJG9iamVjdHNZJGFyY2hpdmVyVCR0b3ASAAGGoKgHCBMUFRYaIVUkbnVsbNMJCgsMDxJXTlMua2V5c1pOUy5vYmplY3RzViRjbGFzc6INDoACgAOiEBGABIAFgAdccmVsYXRpdmVQYXRoWWFsaWFzRGF0YV8QGlBERl9GaWxlcy9QYW1wbG9uYTIwMTAucGRm0hcLGBlXTlMuZGF0YU8RAgwAAAAAAgwAAgAADE1hY2ludG9zaCBIRAAAAAAAAAAAAAAAAAAAANBsgdtIKwAAAMe+mBBQYW1wbG9uYTIwMTAucGRmAAAAAAAAAAAAAAAAAAAAAAAAAAAAAAAAAAAAAAAAAAAAAAAAAAAAAAAAAAAAAAAAx9t20ZnzwwAAAAAAAAAAAAEAAwAACSAAAAAAAAAAAAAAAAAAAAAJUERGX0ZpbGVzAAAQAAgAANBsnfsAAAARAAgAANGaHfMAAAABACAAx76YAMe+jADHO+IAxzRaACCPbwARzTcABidZAAKTmgACAHJNYWNpbnRvc2ggSEQ6VXNlcnM6AG1hdGhldXNrcnVlZ2VyOgBEcm9wYm94OgBVRlJHUzoATVNjIFRoZXNpczoAX19UZXh0OgAwN19SZWZlcmVuY2VzOgBQREZfRmlsZXM6AFBhbXBsb25hMjAxMC5wZGYADgAiABAAUABhAG0AcABsAG8AbgBhADIAMAAxADAALgBwAGQAZgAPABoADABNAGEAYwBpAG4AdABvAHMAaAAgAEgARAASAF1Vc2Vycy9tYXRoZXVza3J1ZWdlci9Ecm9wYm94L1VGUkdTL01TYyBUaGVzaXMvX19UZXh0LzA3X1JlZmVyZW5jZXMvUERGX0ZpbGVzL1BhbXBsb25hMjAxMC5wZGYAABMAAS8AABUAAgAV//8AAIAG0hscHR5aJGNsYXNzbmFtZVgkY2xhc3Nlc11OU011dGFibGVEYXRhox0fIFZOU0RhdGFYTlNPYmplY3TSGxwiI1xOU0RpY3Rpb25hcnmiIiBfEA9OU0tleWVkQXJjaGl2ZXLRJidUcm9vdIABAAgAEQAaACMALQAyADcAQABGAE0AVQBgAGcAagBsAG4AcQBzAHUAdwCEAI4AqwCwALgCyALKAs8C2gLjAvEC9QL8AwUDCgMXAxoDLAMvAzQAAAAAAAACAQAAAAAAAAAoAAAAAAAAAAAAAAAAAAADNg==},
	Bdsk-Url-1 = {http://doi.acm.org/10.1145/1778765.1778814},
	Bdsk-Url-2 = {http://dx.doi.org/10.1145/1778765.1778814}}
